%% This BibTeX bibliography file was created using BibDesk.
%% http://bibdesk.sourceforge.net/

%% Created for Юлия Зинова at 2020-05-25 15:30:25 +0200 


%% Saved with string encoding Unicode (UTF-8) 



@article{Borik:12,
	Author = {Janssen, Maarten and Borik, Olga},
	Date-Added = {2020-05-25 14:55:39 +0200},
	Date-Modified = {2020-05-25 14:55:50 +0200},
	Journal = {Oslo Studies in Language},
	Number = {1},
	Title = {A database of Russian verbal aspect},
	Volume = {4},
	Year = {2012}}

@book{Shvedova:82,
	Address = {Moscow},
	Author = {Natalja Jurjevna \v{S}vedova},
	Date-Added = {2020-05-25 14:38:58 +0200},
	Date-Modified = {2020-05-25 14:38:58 +0200},
	Publisher = {Nauka},
	Title = {Russkaja Grammatika},
	Volume = {1},
	Year = {1982}}

@incollection{Sheljakin:69,
	Author = {\v{S}eljakin, M. A.},
	Booktitle = {Leksichesko-grammaticheskie problemy russkogo glagola},
	Date-Added = {2020-05-25 14:38:31 +0200},
	Date-Modified = {2020-05-25 14:38:31 +0200},
	Pages = {3 -- 33},
	Publisher = {Novosibirsk},
	Title = {Funkcii i slovoobrazovatel'nye svjazi na\v{c}inatel'nyx pristavok v russkom jazyke [{F}unctions and derivational relations of inchoative prefixes in {R}ussian]},
	Year = {1969}}

@book{Shaxmatov:41,
	Address = {Moskva},
	Author = {\v{S}axmatov, A. A.},
	Date-Added = {2020-05-25 14:37:38 +0200},
	Date-Modified = {2020-05-25 14:37:38 +0200},
	Publisher = {Gosudarstvennoe u\v{c}ebno-pedagogi\v{c}eskoe izdatel'stvo Narkomprosa RSFSR},
	Title = {O\v{c}erk sovremennogo russkogo literaturnogo jazyka [A study of contemporary Russian literary language]},
	Year = {1941}}

@book{Grammar:52,
	Address = {Moscow},
	Date-Added = {2020-05-25 14:36:03 +0200},
	Date-Modified = {2020-05-25 14:36:03 +0200},
	Editor = {V. V. Vinogradov and E. S. Istrina and S. G. Barxudarov},
	Key = {Russian Grammar},
	Publisher = {Izdatelstvo AN SSSR},
	Title = {Grammatika russkogo jazyka [Grammar of Russian language]},
	Year = {1952}}

@unpublished{BachPartee:87,
	Author = {Partee, BH and Bach, Emmon and Kratzer, Angelika},
	Date-Added = {2020-05-25 14:24:10 +0200},
	Date-Modified = {2020-05-25 14:24:10 +0200},
	Note = {NSF proposal, University of Massachusetts at Amherst, ms},
	Title = {Quantification: a cross-linguistic investigation},
	Year = {1987}}

@book{BachPartee:95,
	Address = {London, Dordrecht, Boston},
	Date-Added = {2020-05-25 13:58:34 +0200},
	Date-Modified = {2020-05-25 13:58:34 +0200},
	Editor = {Bach, E. and Jelinek, E. and Kratzer, A. and Partee. B.},
	Publisher = {Kluwer Academic Publishers Group},
	Series = {Studies in Linguistics and Philosophy},
	Title = {Quantification in Natural Languages},
	Volume = {54},
	Year = {1995}}

@unpublished{ZinovaOsswald:paper,
	Author = {Yulia Zinova and Rainer Osswald},
	Date-Added = {2020-05-25 13:53:08 +0200},
	Date-Modified = {2020-05-25 13:53:08 +0200},
	Note = {Manuscript, Heinrich Heine University D\"{u}sseldorf},
	Title = {Prefixation of {Russian verbs of motion: A frame-based analysis}},
	Year = {2016}}

@unpublished{Zinova/Osswald:[Chronos11],
	Author = {Yulia Zinova and Rainer Osswald},
	Date-Added = {2020-05-25 13:53:08 +0200},
	Date-Modified = {2020-05-25 14:40:19 +0200},
	Note = {Paper presented at CHRONOS 11, Pisa, June 16-18},
	Title = {The composition of aspect and path in {R}ussian motion expressions},
	Year = {2016}}

@unpublished{Zaliznjak:03,
	Author = {Zaliznjak, A. A.},
	Date-Added = {2020-05-25 13:53:08 +0200},
	Date-Modified = {2020-05-25 13:53:08 +0200},
	Note = {\`{E}ncyclopedia ``Krugosvet''},
	Title = {Aktionsart [{S}posob dejstvija]},
	Url = {http://www.krugosvet.ru/enc/gumanitarnye_nauki/lingvistika/SPOSOB_DESTVIYA.html},
	Year = {2003},
	Bdsk-Url-1 = {http://www.krugosvet.ru/enc/gumanitarnye_nauki/lingvistika/SPOSOB_DESTVIYA.html}}

@unpublished{Piperski:biasp,
	Author = {Alexander Piperski},
	Date-Added = {2020-05-25 13:53:08 +0200},
	Date-Modified = {2020-05-25 13:53:08 +0200},
	Note = {Draft available at www.academia.edu/21426579},
	Title = {Between imperfective and perfective: {{Q}}uantitative approaches to the study of {R}ussian biaspectual verbs},
	Year = {2016}}

@unpublished{Paducheva:11,
	Author = {Padu{\v{c}}eva, Elena Viktorovna},
	Date-Added = {2020-05-25 13:53:08 +0200},
	Date-Modified = {2020-05-25 13:53:08 +0200},
	Note = {Proekt korpusnogo opisanija russkoj grammatiki [{A} project of corpora-based description of {R}ussian grammar]},
	Title = {{P}rezumpcija [{P}resupposition]},
	Url = {http://rusgram.ru},
	Year = {2011},
	Bdsk-Url-1 = {http://rusgram.ru}}

@unpublished{LevinRappaport:10,
	Author = {Beth Levin and Malka {Rappaport Hovav}},
	Date-Added = {2020-05-25 13:53:08 +0200},
	Date-Modified = {2020-05-25 13:53:08 +0200},
	Note = {Paper presented at the 46th Annual Meeting of the Chicago Linguistics Society, April 8-10, 2010},
	Title = {Lexicalized scales and verbs of scalar change},
	Year = {2010}}

@unpublished{KallmeyerOsswald:12,
	Author = {Laura Kallmeyer and Rainer Osswald},
	Date-Added = {2020-05-25 13:53:08 +0200},
	Date-Modified = {2020-05-25 13:53:08 +0200},
	Keywords = {frame semantics, TAG, dative alternation},
	Note = {Submitted to Empirical Issues in Syntax and Semantics 9},
	Title = {A Frame-Based Semantics of the {Dative} Alternation in Lexicalized Tree Adjoining Grammars},
	Year = {2012}}

@proceedings{Rothstein:08a,
	Booktitle = {Theoretical and crosslinguistic approaches to the semantics of aspect},
	Date-Added = {2020-05-25 13:53:08 +0200},
	Date-Modified = {2020-05-25 13:53:08 +0200},
	Editor = {Rothstein, Susan D},
	Publisher = {John Benjamins Publishing},
	Title = {Theoretical and crosslinguistic approaches to the semantics of aspect},
	Volume = {110},
	Year = {2008}}

@phdthesis{Romanova:06,
	Author = {Romanova, Eugenia},
	Date-Added = {2020-05-25 13:53:08 +0200},
	Date-Modified = {2020-05-25 13:53:08 +0200},
	School = {University of Troms{\o}},
	Title = {Constructing Perfectivity in {R}ussian},
	Year = {2006}}

@phdthesis{Pinon:95,
	Author = {Pi\~{n}\'{o}n, Christopher},
	Date-Added = {2020-05-25 13:53:08 +0200},
	Date-Modified = {2020-05-25 13:53:08 +0200},
	School = {Stanford University},
	Title = {An Ontology for Event Semantics},
	Year = {1995}}

@phdthesis{Gronn:04,
	Author = {Gr{\o}nn, Atle},
	Date-Added = {2020-05-25 13:53:08 +0200},
	Date-Modified = {2020-05-25 13:53:08 +0200},
	School = {published in Acta Humaniora 199. Oslo\biberror{ Need more details}},
	Title = {The Semantics and Pragmatics of the {Russian} Factual Imperfective},
	Year = {2004}}

@phdthesis{Franke:09,
	Author = {Franke, M.},
	Date-Added = {2020-05-25 13:53:08 +0200},
	Date-Modified = {2020-05-25 13:53:08 +0200},
	School = {Universiteit van Amsterdam},
	Title = {Signal to act: {G}ame theory in pragmatics},
	Year = {2009}}

@phdthesis{Frank:92,
	Author = {Robert Frank},
	Date-Added = {2020-05-25 13:53:08 +0200},
	Date-Modified = {2020-05-25 13:53:08 +0200},
	Keywords = {TAG},
	School = {University of Pennsylvania},
	Title = {Syntactic Locality and Tree Adjoining Grammar: {{G}}rammatical, Acquisition and Processing Perspectives},
	Year = {1992}}

@book{Demjjanow:97,
	Address = {M{\"u}nchen},
	Author = {Demjjanow, Assinja},
	Date-Added = {2020-05-25 13:53:08 +0200},
	Date-Modified = {2020-05-25 13:53:08 +0200},
	Number = {365},
	Publisher = {Sagner},
	Series = {Slavistische Beitr{\"a}ge},
	Title = {{Eine semantische Analyse der Perfektivierungspr{\"a}figierung im Russischen}},
	Year = {1997}}

@phdthesis{Candito:99,
	Author = {Marie-H\'el\`ene Candito},
	Date-Added = {2020-05-25 13:53:08 +0200},
	Date-Modified = {2020-05-25 13:53:08 +0200},
	School = {Universit\'e Paris 7},
	Title = {Organisation modulaire et param\'etrable de grammaires \'electroniques lexicalis\'ees. {{A}}pplication au fran\c{c}ais et \`a l'italien},
	Year = {1999}}

@phdthesis{Braginsky:08,
	Author = {Pavel Braginsky},
	Date-Added = {2020-05-25 13:53:08 +0200},
	Date-Modified = {2020-05-25 13:53:08 +0200},
	School = {Bar-Ilan University, Department of English},
	Title = {The Semantics of the Prefix {{ZA}-} in {R}ussian},
	Year = 2008}

@phdthesis{Borik:02,
	Author = {Borik, Olga},
	Date-Added = {2020-05-25 13:53:08 +0200},
	Date-Modified = {2020-05-25 13:53:08 +0200},
	School = {Universiteit Utrecht},
	Title = {Aspect and Reference time},
	Year = {2002}}

@phdthesis{Babko-Malaya:99,
	Author = {Olga Babko-Malaya},
	Date-Added = {2020-05-25 13:53:08 +0200},
	Date-Modified = {2020-05-25 13:53:08 +0200},
	School = {Rutgers University},
	Title = {Zero Morphology: {{A}} Study of Aspect, Argument Structure, and Case},
	Type = {Dissertation},
	Year = {1999}}

@phdthesis{Anderson:02,
	Author = {Anderson, Cori},
	Date-Added = {2020-05-25 13:53:08 +0200},
	Date-Modified = {2020-05-25 13:53:08 +0200},
	School = {The University of North Carolina},
	Title = {Biaspectual verbs in {Russian} and their implications on the category of aspect},
	Type = {Senior Honor dissertation},
	Year = {2002}}

@misc{Zinova:pere,
	Address = {Bar Ilan University, Israel},
	Author = {Yulia Zinova},
	Date-Added = {2020-05-25 13:53:08 +0200},
	Date-Modified = {2020-05-25 13:53:08 +0200},
	Note = {Workshop talk handout, Slavic Semantics Workshop},
	Title = {Prefixation without perfectivization: {A} {R}ussian {C}ase study},
	Url = {www.pdf},
	Year = {2014},
	Bdsk-Url-1 = {www.pdf}}

@misc{Zinova:12,
	Address = {D{\"u}sseldorf},
	Author = {Yulia Zinova},
	Date-Added = {2020-05-25 13:53:08 +0200},
	Date-Modified = {2020-05-25 13:53:08 +0200},
	Note = {Handout of a talk given at the Graduate Research Seminar at Heinrich-Heine University, available online at https://www.academia.edu/8359697},
	Title = {{Russian} {V}erbal {P}refixation {P}uzzles},
	Url = {https://www.academia.edu/8359697},
	Year = {2012},
	Bdsk-Url-1 = {https://www.academia.edu/8359697}}

@mastersthesis{Souchkova:04,
	Author = {Sou{\v{c}}kov\'{a}, Kate{\v{r}}ina},
	Date-Added = {2020-05-25 13:53:08 +0200},
	Date-Modified = {2020-05-25 13:53:08 +0200},
	School = {University of Troms{\o}},
	Title = {Measure prefixes in {C}zech: {C}umulative na- and delimitative po-},
	Year = {2004}}

@mastersthesis{Borer:03,
	Author = {Borer, Hagit},
	Date-Added = {2020-05-25 13:53:08 +0200},
	Date-Modified = {2020-05-25 13:53:08 +0200},
	School = {University of Southern California, Los Angeles},
	Title = {The exo-skeletal trilogy},
	Year = {2003}}

@incollection{ZinovaKallmeyer:12,
	Author = {Yulia Zinova and Laura Kallmeyer},
	Booktitle = {{Proceedings of the 11th International Workshop on {TAG} and Related Formalisms}},
	Date-Added = {2020-05-25 13:53:08 +0200},
	Date-Modified = {2020-05-25 13:53:08 +0200},
	Title = {A {F}rame-{B}ased {S}emantics of {L}ocative {A}lternation in {{LTAG}}},
	Year = {2012}}

@incollection{ZinovaFilip:SALT,
	Author = {Zinova, Yulia and Filip, Hana},
	Booktitle = {Semantics and Linguistic Theory},
	Date-Added = {2020-05-25 13:53:08 +0200},
	Date-Modified = {2020-05-25 13:53:08 +0200},
	Pages = {353--372},
	Title = {Meaning components in the constitution of {R}ussian verbs: {{P}}resuppositions or implicatures?},
	Volume = {24},
	Year = {2014}}

@incollection{ZinovaFilip:14b,
	Address = {Leipzig, Germany},
	Author = {Yulia Zinova and Hana Filip},
	Booktitle = {Proceedings of 24 {FDSL} conference},
	Date-Added = {2020-05-25 13:53:08 +0200},
	Date-Modified = {2020-05-25 13:53:08 +0200},
	Note = {To appear},
	Title = {The role of derivational history in aspect determination},
	Year = {2014}}

@incollection{Vijay-ShankerJoshi:88,
	Address = {Budapest},
	Author = {K. Vijay-Shanker and Aravind K. Joshi},
	Booktitle = {Proceedings of {COLING}},
	Date-Added = {2020-05-25 13:53:08 +0200},
	Date-Modified = {2020-05-25 13:53:08 +0200},
	Keywords = {TAG},
	Pages = {714--719},
	Title = {Feature Structures Based {T}ree {A}djoining {G}rammar},
	Year = 1988}

@incollection{Tatevosov:13a,
	Author = {Sergei Tatevosov},
	Booktitle = {Kompjuternaja lingvistika i intellektual'nye texnologii: {P}o materialam e\v{z}egodnoj Me\v{z}dunarodnoj konferencii ``Dialog''},
	Date-Added = {2020-05-25 13:53:08 +0200},
	Date-Modified = {2020-05-25 13:53:08 +0200},
	Pages = {19},
	Series = {12},
	Title = {Grammatika glagola i dialektnoe var'irovanie [{G}rammar of verb and dialectal variation]},
	Year = {2013}}

@incollection{Tatevosov:07,
	Author = {Tatevosov, Sergei},
	Booktitle = {Proceedings of the annual workshop on formal approaches to {S}lavic linguistics},
	Date-Added = {2020-05-25 13:53:08 +0200},
	Date-Modified = {2020-05-25 13:53:08 +0200},
	Title = {Intermediate prefixes in {R}ussian},
	Volume = {16},
	Year = {2007}}

@incollection{Romoli:11,
	Author = {Romoli, Jacopo},
	Booktitle = {Proceedings of Semantics and Linguistic Theory ({SALT}) 21},
	Date-Added = {2020-05-25 13:53:08 +0200},
	Date-Modified = {2020-05-25 13:53:08 +0200},
	Editor = {N. Ashton, A. Chereches and D. Lut},
	Pages = {236--256},
	Publisher = {CLC Publications},
	Title = {The presuppositions of soft triggers are not presuppositions},
	Year = {2011}}

@incollection{PetersenOsswald:10,
	Address = {D\"usseldorf},
	Author = {Wiebke Petersen and Tanja Osswald},
	Booktitle = {{Proceedings of the Second Conference on Concept Types and Frames}},
	Date-Added = {2020-05-25 13:53:08 +0200},
	Date-Modified = {2020-05-25 13:53:08 +0200},
	Note = {To appear.},
	Title = {A Formal Interpretation of Frame Composition},
	Year = {2009}}

@incollection{Petersen:07,
	Author = {Wiebke Petersen},
	Booktitle = {The {Baltic} International Yearbook of Cognition, Logic and Communication},
	Date-Added = {2020-05-25 13:53:08 +0200},
	Date-Modified = {2020-05-25 13:53:08 +0200},
	Pages = {151--170},
	Title = {Representation of Concepts as Frames},
	Volume = {2},
	Year = {2007}}

@incollection{Kiparsky:82,
	Author = {Kiparsky, Paul},
	Booktitle = {Proceedings of the 1982 mid-{America} linguistics conference},
	Date-Added = {2020-05-25 13:53:08 +0200},
	Date-Modified = {2020-05-25 13:53:08 +0200},
	Organization = {University of Kansas Lawrence},
	Pages = {22},
	Title = {Word-formation and the lexicon},
	Volume = {3},
	Year = {1983}}

@incollection{KallmeyerOsswaldPogodalla:15,
	Author = {Laura Kallmeyer and Rainer Osswald and Sylvain Pogodalla},
	Booktitle = {Colloque de Syntaxe et S{\'e}mantique {\`a} {Paris} ({CSSP} 2015)},
	Date-Added = {2020-05-25 13:53:08 +0200},
	Date-Modified = {2020-05-25 13:53:08 +0200},
	Journal = {Colloque de Syntaxe et S{\'e}mantique {\`a} Paris (CSSP 2015)},
	Title = {Progression and Iteration in Event Semantics - An {LTAG} Analysis Using Hybrid Logic and Frame Semantics},
	Year = {2015}}

@incollection{KaganPereltsvaig:11b,
	Author = {Kagan, Olga and Asya Pereltsvaig},
	Booktitle = {Empirical Issues in Syntax and Semantics},
	Date-Added = {2020-05-25 13:53:08 +0200},
	Date-Modified = {2020-05-25 13:53:08 +0200},
	Editor = {Olivier Bonami and Patricia Cabredo Hofherr},
	Pages = {221--238.},
	Title = {Syntax and Semantics of Bare {NP}s: {{O}}bjects of Intensive Reflexive Verbs in {Russian}},
	Volume = {8},
	Year = {2011}}

@incollection{KaganPereltsvaig:11a,
	Address = {Ann Arbor, MI},
	Author = {Kagan, Olga and Asya Pereltsvaig},
	Booktitle = {Formal Approaches to {Slavic} Linguistics 18: {{T}}he Cornell Meeting},
	Date-Added = {2020-05-25 13:53:08 +0200},
	Date-Modified = {2020-05-25 13:53:08 +0200},
	Editor = {Wayles Browne and Adam Cooper and Alison Fisher and Esra Kesici and Nikola Predolac and Draga Zec},
	Pages = {226--240.},
	Publisher = {Michigan Slavic Publications},
	Title = {Bare {{NP}}s and Semantic Incorporation: {O}bjects of Intensive Reflexives at the Syntax-Semantics Interface},
	Year = {2011}}

@incollection{KaganAlexeyenko:10,
	Author = {O. Kagan and S. Alexeyenko},
	Booktitle = {Proceedings of {IATL} 26},
	Date-Added = {2020-05-25 13:53:08 +0200},
	Date-Modified = {2020-05-25 13:53:08 +0200},
	Editor = {Y. N. Falk},
	Title = {Degree modification in {R}ussian morphology: {T}he case of the suffix --ovat},
	Year = {2010}}

@incollection{Hay:99,
	Address = {Ithaca, NY},
	Author = {Hay, Jen and Christopher Kennedy and Beth Levin},
	Booktitle = {Semantics and Linguistic Theory},
	Date-Added = {2020-05-25 13:53:08 +0200},
	Date-Modified = {2020-05-25 13:53:08 +0200},
	Editor = {Tanya Matthews and Devon Strolovitch},
	Journal = {Semantics and Linguistic Theory},
	Pages = {127--144},
	Publisher = {CLC Publications},
	Title = {Scale structure underlies telicity in `degree achievements'},
	Volume = {9},
	Year = {1999}}

@incollection{Gronn:06,
	Address = {Budapest},
	Author = {Gr{\o}nn, Atle},
	Booktitle = {{The Ninth Symposium on Logic and Language}},
	Date-Added = {2020-05-25 13:53:08 +0200},
	Date-Modified = {2020-05-25 13:53:08 +0200},
	Editor = {B. Gyuris, L. Kalman, C. Pi\~{n}on and K. Varasdi},
	Pages = {70--77},
	Title = {Information structure and aspectual competition},
	Year = {2006}}

@misc{Gehrke:04,
	Address = {Leipzig},
	Author = {Gehrke, Berit},
	Date-Added = {2020-05-25 13:53:08 +0200},
	Date-Modified = {2020-05-25 13:53:08 +0200},
	Note = {Paper presented at the workshop \textit{{A}rgument realization: {C}onceptual and grammatical factors}},
	Title = {How temporal is telicity?},
	Year = {2004}}

@incollection{GardentKallmeyer:03,
	Address = {Budapest},
	Author = {Claire Gardent and Laura Kallmeyer},
	Booktitle = {Proceedings of {EACL} 2003},
	Date-Added = {2020-05-25 13:53:08 +0200},
	Date-Modified = {2020-05-25 13:53:08 +0200},
	Pages = {123--130},
	Publisher = {\biberror{no publisher}},
	Title = {Semantic {C}onstruction in {F}{T}{A}{G}},
	Year = {2003}}

@incollection{FilipRothstein:05,
	Address = {Ann Arbor, MI},
	Author = {Filip, Hana and Susan Rothstein},
	Booktitle = {Formal Approaches to {Slavic} Linguistics ({FASL} 14): {{T}}he {Princeton} {University} Meeting},
	Date-Added = {2020-05-25 13:53:08 +0200},
	Date-Modified = {2020-05-25 13:53:08 +0200},
	Editor = {James Lavine, Steven Franks, Hana Filip and Mila Tasseva-Kurktchieva},
	Pages = {139--156},
	Publisher = {Michigan Slavic Publications},
	Title = {Telicity as a Semantic Parameter},
	Year = {2005}}

@incollection{CrabbeDuchier:04,
	Address = {Copenhagen},
	Author = {Benoit Crabb\'e and Denys Duchier},
	Booktitle = {{International workshop on constraint solving and language processing}},
	Date-Added = {2020-05-25 13:53:08 +0200},
	Date-Modified = {2020-05-25 13:53:08 +0200},
	Title = {Metagrammar Redux},
	Year = {2004}}

@unpublished{Borer:13,
	Address = {Leipzig},
	Author = {Hagit Borer},
	Booktitle = {The 10th anniversary FDSL Conference},
	Date-Added = {2020-05-25 13:53:08 +0200},
	Date-Modified = {2020-05-25 15:09:28 +0200},
	Publisher = {Peter Lang Edition},
	Title = {Between Function and Content: {The} Case of {Slavic} Perfective Prefixes [{P}lenary talk handout, {FDSL}10]},
	Year = {2013}}

@incollection{Beavers:02,
	Author = {Beavers, John},
	Booktitle = {{{LinGO}} Working Paper},
	Date-Added = {2020-05-25 13:53:08 +0200},
	Date-Modified = {2020-05-25 13:53:08 +0200},
	Publisher = {Stanford: Center for the Study of Language and Information, Stanford University},
	Title = {Aspect and the Distribution of Prepositional Resultative Phrases in {English}.},
	Url = {http://lingo.stanford.edu/working-papers.html},
	Volume = {2002-07},
	Year = {2002},
	Bdsk-Url-1 = {http://lingo.stanford.edu/working-papers.html}}

@incollection{vanHout:08,
	Address = {Hillsdale},
	Author = {Van Hout, Angeliek},
	Booktitle = {Crosslinguistic perspectives on argument structure: {{I}}mplications for learnability},
	Date-Added = {2020-05-25 13:53:08 +0200},
	Date-Modified = {2020-05-25 13:53:08 +0200},
	Editor = {M. Bowerman and P. Brown},
	Pages = {255--278},
	Publisher = {Lawrence Erlbaum},
	Title = {Acquiring telicity cross-linguistically: {{O}}n the acquisition of telicity entailments associated with transitivity},
	Year = {2008}}

@incollection{ZinovaFilip:13,
	Address = {Gudauri, Georgia},
	Author = {Yulia Zinova and Hana Filip},
	Booktitle = {{10th International {Tbilisi} Symposium on Logic, Language, and Computation}},
	Date-Added = {2020-05-25 13:53:08 +0200},
	Date-Modified = {2020-05-25 13:53:08 +0200},
	Editor = {Aher, M. and Hole, D. and Je{\v r}{\'a}bek, E. and Kupke, C.},
	Note = {Paper presented at TbiLLC 2013},
	Pages = {310--332},
	Publisher = {Springer},
	Title = {Biaspectual {V}erbs: {A} {M}arginal {C}ategory?},
	Year = {2013}}

@incollection{Zinova:14,
	Address = {\biberror{no address}},
	Author = {Zinova, Yulia},
	Booktitle = {Pristine Perspectives on Logic, Language, and Computation},
	Date-Added = {2020-05-25 13:53:08 +0200},
	Date-Modified = {2020-05-25 13:53:08 +0200},
	Editor = {\biberror{no editor}},
	Pages = {49--68},
	Publisher = {Springer},
	Title = {Locative {A}lternation in {{E}}nglish and {R}ussian: {A} {F}rame {S}emantic {A}nalysis},
	Year = {2014}}

@incollection{Zemskaja:55,
	Address = {\biberror{no address}},
	Author = {Zemskaja, E. V.},
	Booktitle = {Issledovanija po grammatike literaturnogo russkogo jazyka},
	Date-Added = {2020-05-25 13:53:08 +0200},
	Date-Modified = {2020-05-25 13:53:08 +0200},
	Editor = {\biberror{no editor}},
	Pages = {5--41},
	Publisher = {Moscow},
	Title = {Tipy odnovidovyx pristavo\v{c}nyx glagolov v sovremennom russkom jazyke [{T}ypes of aspectually non-paired prefixed verbs in contemporary {R}ussian]},
	Year = {1955}}

@incollection{Timberlake:82,
	Address = {Amsterdam},
	Author = {Timberlake, Alan},
	Booktitle = {Tense-aspect: {{B}}etween semantics and pragmatics},
	Date-Added = {2020-05-25 13:53:08 +0200},
	Date-Modified = {2020-05-25 13:53:08 +0200},
	Editor = {Paul Hopper},
	Pages = {305--331},
	Publisher = {John Benjamins},
	Title = {Invariance and the syntax of {Russian} aspect},
	Year = {1982}}

@incollection{Tatevosov:09,
	Address = {Moscow},
	Author = {Sergei Tatevosov},
	Booktitle = {Korpusnye issledovanija po russkoj grammatike [{C}orpus-based {S}tudies in the {G}rammar of {R}ussian]},
	Date-Added = {2020-05-25 13:53:08 +0200},
	Date-Modified = {2020-05-25 13:53:08 +0200},
	Editor = {Xenia Kisseleva and Vladimir Plungian and Ekaterina Rakhilina and Sergei Tatevosov},
	Editors = {K. L. Kiseleva and V. A. Plungyan and E. V. Rahilina and S. G. Tatevosov},
	Pages = {92--156},
	Publisher = {Probel},
	Title = {Mno\v{z}estvennaja prefiksacija i anatomija russkogo glagola [{M}ultiple prefixation and the anatomy of {R}ussian verb]},
	Year = {2009}}

@incollection{Skott:79,
	Address = {\biberror{no address}},
	Author = {Skott, St},
	Booktitle = {Aspectology},
	Date-Added = {2020-05-25 13:53:08 +0200},
	Date-Modified = {2020-05-25 13:53:08 +0200},
	Editor = {T. Pettersson},
	Pages = {17--33},
	Publisher = {Stockholm: Almqvist \& Wiksell},
	Title = {On biaspectual verbs in {R}ussian},
	Year = {1979}}

@incollection{Rothstein:08,
	Address = {Amsterdam},
	Author = {Rothstein, Susan},
	Booktitle = {Crosslinguistic and theoretical approaches to the semantics of aspect},
	Date-Added = {2020-05-25 13:53:08 +0200},
	Date-Modified = {2020-05-25 13:53:08 +0200},
	Editor = {Susan Rothstein},
	Pages = {43--77},
	Publisher = {John Benjamins},
	Title = {Telicity, atomicity and the {V}endler classification of verbs},
	Year = {2008}}

@incollection{Rappaport:08,
	Address = {Amsterdam},
	Author = {Rappaport Hovav, Malka},
	Booktitle = {Crosslinguistic and theoretical approaches to the semantics of aspect},
	Date-Added = {2020-05-25 13:53:08 +0200},
	Date-Modified = {2020-05-25 13:53:08 +0200},
	Editor = {Susan Rothstein},
	Pages = {13--42},
	Publisher = {John Benjamins},
	Title = {Lexicalized meaning and the internal temporal structure of events},
	Year = {2008}}

@incollection{Pinon:08,
	Address = {Oxford, UK},
	Author = {Pi\~{n}\'{o}n, Christopher},
	Booktitle = {Adjectives and adverbs: {{S}}yntax, semantics and discourse},
	Date-Added = {2020-05-25 13:53:08 +0200},
	Date-Modified = {2020-05-25 13:53:08 +0200},
	Editor = {Louise McNally and Christopher Kennedy},
	Pages = {183--219},
	Publisher = {Oxford University Press},
	Sortname = {Pinon, Christopher},
	Title = {Aspectual composition with degrees},
	Year = {2008}}

@incollection{Pinon:01,
	Address = {Frankfurt/Main},
	Author = {Pi\~{n}\'{o}n, Christopher},
	Booktitle = {Current Issues in Formal {Slavic} Linguistics},
	Date-Added = {2020-05-25 13:53:08 +0200},
	Date-Modified = {2020-05-25 13:53:08 +0200},
	Editor = {Gerhild Zybatow and Uwe Junghanns and Grit Mehlhorn and Luka Szucsich},
	Pages = {397--415},
	Publisher = {Lang},
	Sortname = {Pinon, Christopher},
	Title = {A Problem of Aspectual Composition in {Polish}},
	Year = {2001}}

@incollection{Paslawska:03,
	Address = {Berlin},
	Author = {Paslawska, Alla and Arnim von Stechow},
	Booktitle = {Perfect Explorations},
	Date-Added = {2020-05-25 13:53:08 +0200},
	Date-Modified = {2020-05-25 13:53:08 +0200},
	Editor = {Monika Rathert and Artemis Alexiadou and Arnim von Stechow},
	Pages = {307--362},
	Publisher = {Mouton de Gruyter},
	Title = {Perfect Readings in {R}ussian},
	Year = {2003}}

@incollection{Paperno:12,
	Address = {\biberror{no address}},
	Author = {Paperno, Denis},
	Booktitle = {Handbook of Quantifiers in Natural Language},
	Date-Added = {2020-05-25 13:53:08 +0200},
	Date-Modified = {2020-05-25 13:53:08 +0200},
	Editor = {\biberror{no editor}},
	Pages = {729--779},
	Publisher = {Springer},
	Title = {Quantification in {Standard} {Russian}},
	Year = {2012}}

@incollection{PaduchevaPentus:08,
	Address = {Amsterdam},
	Author = {Elena Paducheva and Mati Pentus},
	Booktitle = {Crosslinguistic and theoretical approaches to the semantics of aspect},
	Date-Added = {2020-05-25 13:53:08 +0200},
	Date-Modified = {2020-05-25 13:53:08 +0200},
	Editor = {Susan Rothstein},
	Pages = {191 --215},
	Publisher = {John Benjamins},
	Title = {Formal and informal semantics of telicity},
	Year = {2008}}

@incollection{McNally:11,
	Address = {Heidelberg},
	Author = {McNally, L.},
	Booktitle = {Vagueness in Communication: {L}ecture Notes in Artificial Intelligence, Folli},
	Date-Added = {2020-05-25 13:53:08 +0200},
	Date-Modified = {2020-05-25 13:53:08 +0200},
	Editor = {R. Nouwen and R. van Rooij and U. Sauerland and H. C. Schmitz},
	Pages = {151 -- 168},
	Publisher = {Springer},
	Title = {The relative role of property type and scale structure in explaining the behavior of gradable adjectives},
	Year = {2011}}

@incollection{Loebner:2014,
	Address = {Dordrecht},
	Author = {Sebastian L\"{o}bner},
	Booktitle = {Frames and Concept Types},
	Date-Added = {2020-05-25 13:53:08 +0200},
	Date-Modified = {2020-05-25 13:53:08 +0200},
	Editor = {Thomas Gamerschlag and Doris Gerland and Rainer Osswald and Wiebke Petersen},
	Number = {94},
	Pages = {23--67},
	Publisher = {Springer},
	Series = {Studies in Linguistics and Philosophy},
	Sortname = {Sebastian Lobner},
	Title = {Evidence for Frames from Human Language},
	Year = {2014}}

@incollection{Krifka:92,
	Address = {Stanford, CA},
	Author = {Krifka, Manfred},
	Booktitle = {Lexical matters},
	Date-Added = {2020-05-25 13:53:08 +0200},
	Date-Modified = {2020-05-25 13:53:08 +0200},
	Editor = {Ivan Sag and Anna Szabolcsi},
	Pages = {29--53},
	Publisher = {CSLI Publications},
	Title = {Thematic relations as links between nominal reference and temporal constitution},
	Year = {1992}}

@incollection{Krifka:89,
	Address = {Stanford, CA},
	Author = {Krifka, Manfred},
	Booktitle = {Semantics and contextual expression},
	Date-Added = {2020-05-25 13:53:08 +0200},
	Date-Modified = {2020-05-25 13:53:08 +0200},
	Editor = {Renate Bartsch and Johann van Benthem and Peter van Emde Boas},
	Pages = {75--115},
	Publisher = {CSLI Publications},
	Title = {Nominal reference, temporal constitution and quantification in event semantics},
	Year = {1989}}

@incollection{KennedyLevin:08,
	Address = {Oxford},
	Author = {Christopher Kennedy and Beth Levin},
	Booktitle = {Adjectives and adverbs. {{S}}yntax, semantics, and discourse},
	Date-Added = {2020-05-25 13:53:08 +0200},
	Date-Modified = {2020-05-25 13:53:08 +0200},
	Editor = {L. McNally and C. Kennedy},
	Pages = {\biberror{no pages}},
	Publisher = {Oxford University Press},
	Title = {Measure of change: {{T}}he adjectival core of degree achievements},
	Year = {2008}}

@incollection{Kennedy:12,
	Address = {Oxford},
	Author = {Chris Kennedy},
	Booktitle = {Telicity, Change, State: {{A}} Cross-categorical View of Event Structure},
	Date-Added = {2020-05-25 13:53:08 +0200},
	Date-Modified = {2020-05-25 13:53:08 +0200},
	Editor = {Demonte, V. and McNally, L.},
	Pages = {\biberror{no pages}},
	Publisher = {Oxford University Press},
	Title = {The Composition of Incremental Change},
	Year = {2012}}

@incollection{JoshiSchabes:97,
	Address = {Berlin},
	Author = {Aravind K.~Joshi and Yves Schabes},
	Booktitle = {Handbook of Formal Languages},
	Date-Added = {2020-05-25 13:53:08 +0200},
	Date-Modified = {2020-05-25 13:53:08 +0200},
	Editor = {G. Rozenberg and A. Salomaa},
	Keywords = {TAG},
	Pages = {69--123},
	Publisher = {Springer},
	Sortname = {Aravind K.~Joshi and Yves Schabes},
	Title = {Tree-{A}djoining {G}rammars},
	Year = {1997}}

@incollection{Janda:10,
	Address = {Amsterdam},
	Author = {Janda, Laura A},
	Booktitle = {New approaches to {Slavic} verbs of motion.},
	Date-Added = {2020-05-25 13:53:08 +0200},
	Date-Modified = {2020-05-25 13:53:08 +0200},
	Editor = {\biberror{no editor}},
	Pages = {125--39},
	Publisher = {John Benjamins},
	Title = {Perfectives from indeterminate motion verbs in {R}ussian},
	Year = {2010}}

@incollection{Jakobson:57,
	Address = {Berlin},
	Author = {Jakobson, Roman},
	Booktitle = {Selected writings {II}. {W}ord and language},
	Date-Added = {2020-05-25 13:53:08 +0200},
	Date-Modified = {2020-05-25 13:53:08 +0200},
	Editor = {\biberror{no editor}},
	Pages = {130--146},
	Publisher = {Mouton de Gruyter},
	Title = {Shifters, verbal categories, and the {R}ussian verb},
	Year = {1957/1971}}

@incollection{Horn:84,
	Address = {Washington},
	Author = {Horn, Laurence Robert},
	Booktitle = {Meaning, Form, and Use in Context: {{L}}inguistic Applications},
	Date-Added = {2020-05-25 13:53:08 +0200},
	Date-Modified = {2020-05-25 14:12:35 +0200},
	Editor = {D. Schiffrin},
	Pages = {11--42},
	Publisher = {Georgetown University Press},
	Title = {Towards a New Taxonomy of Pragmatic Inference: {Q}-Based and {R}-Based Implicature},
	Year = {1984}}

@incollection{Heim:00,
	Address = {Ithaca, NY},
	Author = {Heim , I.},
	Booktitle = {Proceedings of {SALT} 10},
	Date-Added = {2020-05-25 13:53:08 +0200},
	Date-Modified = {2020-05-25 13:53:08 +0200},
	Pages = {40 -- 64},
	Publisher = {CLC Publications},
	Title = {Degree operators and scope},
	Year = {2000}}

@incollection{Gronn:10,
	Address = {Oslo},
	Author = {Atle Gr{\o}nn and Arnim von Stechow},
	Booktitle = {{Russian} in Contrast},
	Date-Added = {2020-05-25 13:53:08 +0200},
	Date-Modified = {2020-05-25 15:15:05 +0200},
	Editor = {Atle Gr{\o}nn and Irena Marijanovic},
	Pages = {1--45},
	Publisher = {University of Oslo},
	Series = {Oslo Studies in Language},
	Sortname = {Atle Gr{\o}nn and Arnim von Stechow},
	Title = {Complement tense in contrast: {T}he {{SOT}} parameter in {R}ussian and {{E}}nglish},
	Volume = {2:1},
	Year = {2010}}

@incollection{Grice:75,
	Address = {New York},
	Author = {Grice, Herbert P.},
	Booktitle = {Syntax and Semantics 3: {{S}}peech acts},
	Citeulike-Article-Id = {1203625},
	Date-Added = {2020-05-25 13:53:08 +0200},
	Date-Modified = {2020-05-25 13:53:08 +0200},
	Editor = {Cole, P. and Morgan, J. L.},
	Pages = {41--58},
	Posted-At = {2007-04-03 03:31:40},
	Priority = {5},
	Publisher = {Academic Press},
	Title = {{Logic and conversation}},
	Year = {1975}}

@article{FolliHarley:05,
	Address = {Dordrecht},
	Author = {Folli, Raffaella and Harley, Heidi},
	Date-Added = {2020-05-25 13:53:08 +0200},
	Date-Modified = {2020-05-25 15:24:15 +0200},
	Editor = {Paula Kempchinsky and Roumyana Slabakova},
	Journal = {Aspectual inquiries},
	Pages = {95--120},
	Publisher = {Springer},
	Title = {Flavors of {\it v}},
	Volume = {62},
	Year = {2005}}

@incollection{Fillmore:82,
	Address = {Seoul},
	Author = {Charles J. Fillmore},
	Booktitle = {Linguistics in the Morning Calm},
	Date-Added = {2020-05-25 13:53:08 +0200},
	Date-Modified = {2020-05-25 15:26:01 +0200},
	Editor = { the Linguistic Society of Korea},
	Pages = {111--137},
	Publisher = {Hanshin Publishing Co.},
	Title = {Frame {S}emantics},
	Year = {1982}}

@incollection{Filip:92,
	Address = {Chicago},
	Author = {Hana Filip},
	Booktitle = {Proceedings of the {Chicago} Linguistic Society ({CLS}) 28},
	Date-Added = {2020-05-25 13:53:08 +0200},
	Date-Modified = {2020-05-25 13:53:08 +0200},
	Editor = {Costas P. Canakis and Grace P. Chan and Jeanette Marshall Denton},
	Pages = {139--158},
	Publisher = {The University of Chicago},
	Title = {Aspect and Interpretation of Nominal Arguments},
	Year = {1992}}

@incollection{Filip:08,
	Address = {Amsterdam},
	Author = {Filip, Hana},
	Booktitle = {Theoretical and Crosslinguistic Approaches to the Semantics of Aspect},
	Date-Added = {2020-05-25 13:53:08 +0200},
	Date-Modified = {2020-05-25 13:53:08 +0200},
	Editor = {Susan Rothstein},
	Pages = {217--256},
	Publisher = {John Benjamins},
	Title = {Events and Maximalization},
	Year = {2008}}

@incollection{Filip:05,
	Address = {Stanford},
	Author = {Filip, Hana},
	Booktitle = {References and Quantification: {{T}}he {Partee} Effect},
	Date-Added = {2020-05-25 13:53:08 +0200},
	Date-Modified = {2020-05-25 13:53:08 +0200},
	Editor = {Gregory N. Carlson and Francis Jeffry Pelletier},
	Pages = {229--288},
	Publisher = {CSLI Publications},
	Title = {Measures and Indefinites},
	Year = {2005}}

@incollection{Filip:00,
	Address = {Stanford},
	Author = {Hana Filip},
	Booktitle = {Events as Grammatical Objects},
	Date-Added = {2020-05-25 13:53:08 +0200},
	Date-Modified = {2020-05-25 13:53:08 +0200},
	Editor = {\biberror{no editor}},
	Pages = {3--60},
	Publisher = {CSLI Press},
	Title = {The Quantization Puzzle},
	Year = {2000}}

@incollection{DiSciullo:05,
	Address = {\biberror{no address}},
	Author = {Di Sciullo, Anne Marie and Slabakova, Roumyana},
	Booktitle = {Perspectives on aspect},
	Date-Added = {2020-05-25 13:53:08 +0200},
	Date-Modified = {2020-05-25 13:53:08 +0200},
	Editor = {\biberror{no editor}},
	Editors = {Verkuyl, Henk J., De Swart, Henriette, and Van Hout, Angeliek},
	Pages = {61--80},
	Publisher = {Springer},
	Title = {Quantification and aspect},
	Year = {2005}}

@incollection{CaudalNicolas:05,
	Address = {T\"{u}bingen},
	Author = {Caudal, Patrick and Nicolas, David},
	Booktitle = {Event arguments: {{F}}oundations and applications},
	Date-Added = {2020-05-25 13:53:08 +0200},
	Date-Modified = {2020-05-25 13:53:08 +0200},
	Editor = {C. Maienborn and A. W\"{o}llstein},
	Pages = {277--300},
	Publisher = {Niemeyer},
	Title = {Types of degrees and types of event structures},
	Year = {2005}}

@incollection{Bochnak:13,
	Address = {\biberror{no address}},
	Author = {Bochnak, M Ryan},
	Booktitle = {Studies in the composition and decomposition of event predicates},
	Date-Added = {2020-05-25 13:53:08 +0200},
	Date-Modified = {2020-05-25 13:53:08 +0200},
	Editor = {Arsenijevi{\'c}, B. and Gehrke, B. and Mar{\'\i}n, R.},
	Pages = {99--123},
	Publisher = {Springer Netherlands},
	Series = {Studies in Linguistics and Philosophy},
	Title = {Two sources of scalarity within the verb phrase},
	Year = {2013}}

@incollection{Beavers:12,
	Address = {Oxford},
	Author = {Beavers, John},
	Booktitle = {Telicity, change, and state: {{A}} cross-categorial view of event structure},
	Date-Added = {2020-05-25 13:53:08 +0200},
	Date-Modified = {2020-05-25 15:30:25 +0200},
	Editor = {Violeta Demonte and Louise McNally},
	Journal = {Telicity, change, and state: A cross-categorial view of event structure},
	Pages = {23--59},
	Publisher = {Oxford University Press},
	Title = {Lexical aspect and multiple incremental themes},
	Year = {2012}}

@incollection{Beavers:08,
	Address = {Berlin},
	Author = {Beavers, John},
	Booktitle = {Event Structures in Linguistic Form and Interpretation},
	Date-Added = {2020-05-25 13:53:08 +0200},
	Date-Modified = {2020-05-25 13:53:08 +0200},
	Editor = {Johannes D\"{o}lling and Tatjana Heyde-Zybatow and Martin Sch\"{a}fer},
	Pages = {245--268},
	Publisher = {de Gruyter},
	Title = {Scalar complexity and the structure of events},
	Year = {2008}}

@incollection{Barsalou:92,
	Address = {Hillsdale, New Jersey},
	Author = {Lawrence W. Barsalou},
	Booktitle = {Frames, Fields, and Contrasts},
	Chapter = {1},
	Date-Added = {2020-05-25 13:53:08 +0200},
	Date-Modified = {2020-05-25 13:53:08 +0200},
	Editor = {Adrienne Lehrer and Eva Feder Kittay},
	Pages = {21--74},
	Publisher = {Lawrence Erlbaum Associates},
	Series = {New Essays in Semantic and Lexical Organization},
	Title = {Frames, Concepts, and Conceptual Fields},
	Year = {1992}}

@incollection{Avilova:64,
	Address = {Moscow},
	Author = {Avilova, Natal'ja S},
	Booktitle = {Glagol, nare\v{c}ije, predlogi i sojuzy v russkom literaturnom jazyke {XIX} veka. [{Verbs}, adverbs, prepositions, and conjunctions in {Russian} literary language of {XIX} century.]},
	Date-Added = {2020-05-25 13:53:08 +0200},
	Date-Modified = {2020-05-25 13:53:08 +0200},
	Editor = {V. V. Vinogradov and N. Yu. \v{S}vedova},
	Pages = {\biberror{no pages}},
	Publisher = {Nauka},
	Sortname = {Avilova, Natal'ja S},
	Title = {{R}azvitije pristavo\v{c}nogo glagolnogo slovoobrazovanija [{T}he development of prefixational verb derivation]},
	Year = {1964}}

@incollection{Arsenijevic:13,
	Address = {Netherlands},
	Author = {Arsenijevi{\'c}, Boban and Gehrke, Berit and Mar{\'\i}n, Rafael},
	Booktitle = {Studies in the composition and decomposition of event predicates},
	Date-Added = {2020-05-25 13:53:08 +0200},
	Date-Modified = {2020-05-25 14:54:19 +0200},
	Editor = {Arsenijevi{\'c}, B. and Gehrke, B. and Mar{\'\i}n, R.},
	Pages = {1--26},
	Publisher = {Springer},
	Series = {Studies in Linguistics and Philosophy},
	Sortname = {Arsenijevi{c}, Boban and Gehrke, Berit and Mar{\'\i}n, Rafael},
	Title = {The (de) composition of event predicates},
	Year = {2013}}

@incollection{AbeilleRambow:00,
	Address = {Stanford, CA},
	Author = {Anne Abeill\'e and Owen Rambow},
	Booktitle = {Tree {Adjoining} {Grammars}: {{F}}ormalisms, linguistic analyses and processing},
	Date-Added = {2020-05-25 13:53:08 +0200},
	Date-Modified = {2020-05-25 14:53:57 +0200},
	Editor = {Anne Abeill\'e and Owen Rambow},
	Keywords = {TAG},
	Pages = {1--68},
	Publisher = {CSLI Publications},
	Sortname = {Anne Abeille and Owen Rambow},
	Title = {Tree {A}djoining {G}rammar: {A}n overview},
	Year = {2000}}

@conference{Svenonius:12,
	Author = {Svenonius, Peter},
	Booktitle = {Stuttgart P-Workshop},
	Date-Added = {2020-05-25 13:53:08 +0200},
	Date-Modified = {2020-05-25 13:53:08 +0200},
	Title = {Structural and Featural Distinctions between {Germanic} and {Slavic} prefixes},
	Year = {2012}}

@conference{Rappaport:11,
	Address = {D\"{u}sseldorf},
	Author = {Rappaport Hovav, M.},
	Booktitle = {Paper presented at the workshop ``{S}calarity in Verb-Based Constructions''},
	Date-Added = {2020-05-25 13:53:08 +0200},
	Date-Modified = {2020-05-25 13:53:08 +0200},
	Title = {Lexicalized scales and scalar change in two domains.},
	Year = {2011}}

@conference{Petitjean:16,
	Author = {Simon Petitjean and Denys Duchier and Yannick Parmentier},
	Booktitle = {Logical Aspects of Computational Linguistics 2016},
	Date-Added = {2020-05-25 13:53:08 +0200},
	Date-Modified = {2020-05-25 13:53:08 +0200},
	Title = {{{XMG}} 2: {D}escribing Description Languages},
	Year = {2016}}

@article{Docekal:09,
	Author = {Do\v{c}ekal, Mojm{\i}r and Ku\v{c}erov\'{a}, Ivona},
	Date-Added = {2020-05-25 13:53:08 +0200},
	Date-Modified = {2020-05-25 15:11:49 +0200},
	Journal = {Philosophy},
	Pages = {223--270},
	Title = {Bound ability readings of imperfective verbs},
	Volume = {24},
	Year = {2009}}

@book{ZaliznjakShmelev:00,
	Address = {\biberror{no address}},
	Author = {Anna A. Zaliznjak and Alexej D. \v{S}mel\"{e}v},
	Date-Added = {2020-05-25 13:53:08 +0200},
	Date-Modified = {2020-05-25 13:53:08 +0200},
	Publisher = {Jazyki russkoj kultury},
	Sortname = {Anna A. Zaliznjak and Alexej D. Smelev},
	Title = {Vvedenie v russkuju aspektologiju [{I}ntroduction to {R}ussian aspectology]},
	Year = {2000}}

@book{Zaliznjak:77,
	Address = {Moscow},
	Author = {Zaliznjak, A. A},
	Date-Added = {2020-05-25 13:53:08 +0200},
	Date-Modified = {2020-05-25 15:26:24 +0200},
	Publisher = {Russkij jazyk},
	Title = {Grammati\v{c}eskij slovar' russkogo jazyka [{G}rammatical dictionary of {R}ussian]},
	Year = {1977}}

@book{Wade:92,
	Address = {Oxford},
	Author = {Wade, Terence},
	Date-Added = {2020-05-25 13:53:08 +0200},
	Date-Modified = {2020-05-25 13:53:08 +0200},
	Publisher = {Blackwell},
	Title = {A comprehensive {R}ussian grammar},
	Year = {1992}}

@book{Vondrak:1908,
	Address = {G\"{o}ttingen},
	Author = {Vondr\'{a}k, W.},
	Date-Added = {2020-05-25 13:53:08 +0200},
	Date-Modified = {2020-05-25 13:53:08 +0200},
	Publisher = {G\"{o}ttingen Sammlung indogermanischer Grammatiken},
	Sortname = {Vondrak, W.},
	Title = {{Vergleichende} slavische {G}rammatik},
	Volume = {2},
	Year = {1908}}

@book{Vinogradov:72,
	Address = {Moscow},
	Author = {Vinogradov, Viktor Vladimirovi\v{c}},
	Date-Added = {2020-05-25 13:53:08 +0200},
	Date-Modified = {2020-05-25 13:53:08 +0200},
	Publisher = {Vys\v{s}aja \v{s}kola},
	Sortname = {Vinogradov, Viktor Vladimirovic},
	Title = {Russkij jazyk [{Russian} language]},
	Year = {1972}}

@book{Vinogradov:60,
	Address = {Moscow},
	Booktitle = {Grammatika russkogo jazyka [{Russian} Grammar]},
	Date-Added = {2020-05-25 13:53:08 +0200},
	Date-Modified = {2020-05-25 13:53:08 +0200},
	Editor = {Vinogradov, V. V. and Istrina E. S. and Barhudarov S. G.},
	Publisher = {Izdatelstvo AN SSSR},
	Title = {Grammatika russkogo jazyka [{Russian} Grammar]},
	Year = {1960}}

@book{Verkuyl:72,
	Address = {Dordrecht, Holland},
	Author = {Verkuyl, H. J.},
	Date-Added = {2020-05-25 13:53:08 +0200},
	Date-Modified = {2020-05-25 13:53:08 +0200},
	Number = {15},
	Publisher = {D. Reidel Publishing Co.},
	Series = {Foundations of Language, Supplementary Series},
	Title = {On the compositional nature of the aspects},
	Year = {1972}}

@book{Vendler:67,
	Address = {\biberror{no address}},
	Author = {Vendler, Zeno},
	Date-Added = {2020-05-25 13:53:08 +0200},
	Date-Modified = {2020-05-25 13:53:08 +0200},
	Publisher = {Cornell University Press Ithaca},
	Title = {Linguistics in philosophy},
	Year = {1967}}

@book{Ushakov:50,
	Address = {Moscow},
	Booktitle = {Tolkovyj slovar' russkogo jazyka. [{{E}}xplanatory {D}ictionary of the {R}ussian {L}anguage.]},
	Date-Added = {2020-05-25 13:53:08 +0200},
	Date-Modified = {2020-05-25 13:53:08 +0200},
	Editor = {D. N. U\v{s}akov},
	Keywords = {Dictionary},
	Publisher = {Izdatel'stvo Akademii Nauk SSSR},
	Sortname = {D. N. Usakov},
	Title = {Tolkovyj slovar' russkogo jazyka. [{{E}}xplanatory {D}ictionary of the {R}ussian {L}anguage.]},
	Year = {1935-1940}}

@book{Townsend:75,
	Address = {\biberror{no address}},
	Author = {Townsend, Charles Edward},
	Date-Added = {2020-05-25 13:53:08 +0200},
	Date-Modified = {2020-05-25 13:53:08 +0200},
	Publisher = {Slavica Publishers Bloomington},
	Title = {{Russian} word-formation},
	Year = {1975}}

@book{Tixonov:98,
	Address = {Moscow},
	Author = {Tixonov, A. N.},
	Date-Added = {2020-05-25 13:53:08 +0200},
	Date-Modified = {2020-05-25 13:53:08 +0200},
	Publisher = {Academia},
	Title = {Russkij glagol: {P}roblemy teorii i leksikografirovanija [{R}ussian verb: {T}heoretical and lexicographical problems]},
	Year = {1998}}

@book{Timberlake:04,
	Address = {Cambridge},
	Author = {Timberlake, Alan},
	Date-Added = {2020-05-25 13:53:08 +0200},
	Date-Modified = {2020-05-25 13:53:08 +0200},
	Publisher = {Cambridge University Press},
	Title = {A reference grammar of {Russian}},
	Year = {2004}}

@book{Tenny:94,
	Address = {Dordrecht},
	Author = {Tenny, C.},
	Date-Added = {2020-05-25 13:53:08 +0200},
	Date-Modified = {2020-05-25 14:58:32 +0200},
	Publisher = {Kluwer Academic Publishers},
	Title = {Aspectual Roles and the Syntax-Semantics Interface},
	Year = {1994}}

@book{Talmy:00,
	Address = {Cambridge, MA},
	Author = {Talmy, Leonard},
	Date-Added = {2020-05-25 13:53:08 +0200},
	Date-Modified = {2020-05-25 13:53:08 +0200},
	Publisher = {MIT Press},
	Title = {Typology and Process in Concept Structuring},
	Volume = {Toward a Cognitive Semantics. Vol. 2.},
	Year = {2000}}

@book{Stilman:51,
	Address = {\biberror{no address}},
	Author = {Stilman, Leon},
	Date-Added = {2020-05-25 13:53:08 +0200},
	Date-Modified = {2020-05-25 13:53:08 +0200},
	Publisher = {Columbia University Press},
	Title = {{Russian} verbs of motion: {G}oing, carrying, leading},
	Year = {1951}}

@book{Schoorlemmer:95,
	Address = {\biberror{no address}},
	Author = {Schoorlemmer, Maaike},
	Date-Added = {2020-05-25 13:53:08 +0200},
	Date-Modified = {2020-05-25 13:53:08 +0200},
	Publisher = {LEd, Utrecht},
	Title = {Participial passive and aspect in {R}ussian},
	Year = {1995}}

@book{Rothstein:04,
	Address = {Oxford},
	Author = {Susan Rothstein},
	Date-Added = {2020-05-25 13:53:08 +0200},
	Date-Modified = {2020-05-25 13:53:08 +0200},
	Publisher = {Blackwell Publishing},
	Title = {Structuring of events: {A} study in the semantics of lexical aspect},
	Year = {2004}}

@book{Rosenthal:76,
	Address = {Moscow},
	Author = {Rosenthal, D. E. and Telenkova, M. A.},
	Date-Added = {2020-05-25 13:53:08 +0200},
	Date-Modified = {2020-05-25 13:53:08 +0200},
	Edition = {2nd},
	Publisher = {Prosve\v{s}\v{c}enie},
	Title = {Slovar'-spravo\v{c}nik lingvisti\v{c}eskih terminov [{D}ictionary of linguistic terms]},
	Year = {1976}}

@book{Romanova:09,
	Address = {Saarbr\"{u}cken},
	Author = {Eugenia Romanova},
	Date-Added = {2020-05-25 13:53:08 +0200},
	Date-Modified = {2020-05-25 15:15:55 +0200},
	Isbn = {9783639146837},
	Publisher = {VDM Publishing},
	Title = {{C}onstructing {P}erfectivity in {Russian}: {{T}}he Syntax-semantics Interface of Verbal Prefixes},
	Url = {http://books.google.de/books?id=WJwGQAAACAAJ},
	Year = {2009},
	Bdsk-Url-1 = {http://books.google.de/books?id=WJwGQAAACAAJ}}

@book{Regnell:44,
	Address = {\biberror{no address}},
	Author = {Regn\'{e}ll, Carl G.},
	Date-Added = {2020-05-25 13:53:08 +0200},
	Date-Modified = {2020-05-25 13:53:08 +0200},
	Note = {Reprinted in 1983},
	Publisher = {Lund},
	Sortname = {Regnell, Carl G.},
	Title = {\"{{{U}}}ber den {{{U}}}rsprung des slavischen Verbalaspektes [{A}bout the origin of the {S}lavic verbal aspect]},
	Year = {1944}}

@book{Ramchand:97,
	Address = {Oxford},
	Author = {Ramchand, Gillian},
	Date-Added = {2020-05-25 13:53:08 +0200},
	Date-Modified = {2020-05-25 13:53:08 +0200},
	Publisher = {Clarendon Press},
	Title = {Aspect and predication},
	Year = {1997}}

@book{Potts:05,
	Address = {Oxford},
	Author = {Potts, Christopher},
	Date-Added = {2020-05-25 13:53:08 +0200},
	Date-Modified = {2020-05-25 13:53:08 +0200},
	Publisher = {Oxford University Press},
	Title = {The logic of conventional implicatures},
	Volume = {7},
	Year = {2005}}

@book{PollardSag:94,
	Address = {Chicago, London},
	Author = {Carl Pollard and Ivan A. Sag},
	Date-Added = {2020-05-25 13:53:08 +0200},
	Date-Modified = {2020-05-25 13:53:08 +0200},
	Keywords = {grammar formalisms, HPSG},
	Publisher = {The University of Chicago Press},
	Series = {Studies in Contemporary Linguistics},
	Title = {Head-Driven Phrase Structure Grammar},
	Year = 1994}

@book{Paducheva:96,
	Address = {Moscow},
	Author = {Padu{\v{c}}eva, Elena Viktorovna},
	Date-Added = {2020-05-25 13:53:08 +0200},
	Date-Modified = {2020-05-25 13:53:08 +0200},
	Publisher = {\v{S}kola ``Jazyki Russkoj Kultury''},
	Sortname = {Paduceva, Elena Viktorovna},
	Title = {Semanti{\v{c}}eskie issledovanija: {S}emantika vremeni i vida v russkom jazyke; {S}emantika narrativa [{S}emantic Studies: {S}emantics of Tense and Aspect in {R}ussian; {S}emantics of the Narrative]},
	Year = {1996}}

@book{OzegovShvedova:92,
	Address = {\biberror{no address}},
	Author = {S. I. O\v{z}egov and N. Ju. \v{S}vedova},
	Date-Added = {2020-05-25 13:53:08 +0200},
	Date-Modified = {2020-05-25 13:53:08 +0200},
	Publisher = {Izdatel'stvo ``Az''},
	Sortname = {S. I. Ozegov and N. Ju. Svedova},
	Title = {Tolkovyj slovar' russkogo jazyka. [{{E}}xplanatory {D}ictionary of the {R}ussian {L}anguage.]},
	Year = {1992}}

@book{Ozegov:90,
	Address = {Moscow},
	Author = {O{\v{z}}egov, S. I.},
	Date-Added = {2020-05-25 13:53:08 +0200},
	Date-Modified = {2020-05-25 13:53:08 +0200},
	Publisher = {Russian Language Publishing House},
	Sortname = {Ozegov, S. I.},
	Title = {Slovar' russkogo jazyka [{R}ussian dictionary]},
	Year = {1990}}

@book{Ozegov:01,
	Address = {Moscow},
	Author = {O\v{z}egov, S. I. and N. Ju. \v{S}vedova},
	Date-Added = {2020-05-25 13:53:08 +0200},
	Date-Modified = {2020-05-25 13:53:08 +0200},
	Publisher = {Russkij jazyk},
	Sortname = {Ozegov, S. I. and N. Ju. Svedova},
	Title = {Slovar' russkogo jazyka [{R}ussian dictionary]},
	Year = {2001}}

@book{Meillet:1902,
	Address = {Paris},
	Author = {Meillet, A.},
	Date-Added = {2020-05-25 13:53:08 +0200},
	Date-Modified = {2020-05-25 13:53:08 +0200},
	Publisher = {Bibl. de l'\'{E}cole des Hautes \'{E}tudes, Sciences historiques et philologiques},
	Title = {\'{{E}}tudes sur l'\'{e}tymologie \& le vocabulaire du vieux slave},
	Volume = {1},
	Year = {1902}}

@book{Mazon:1908,
	Address = {Paris},
	Author = {Mazon, Andr\'{e}},
	Date-Added = {2020-05-25 13:53:08 +0200},
	Date-Modified = {2020-05-25 13:53:08 +0200},
	Publisher = {H. Champion},
	Sortname = {Mazon, Andre},
	Title = {Morphologie des aspects du verbe russe},
	Year = {1908}}

@book{Maslov:58,
	Address = {\biberror{no address}},
	Author = {Maslov, Jurij Sergeevi\v{c}},
	Date-Added = {2020-05-25 13:53:08 +0200},
	Date-Modified = {2020-05-25 13:53:08 +0200},
	Publisher = {Izdatel'stvo Akademii nauk SSSR},
	Sortname = {Maslov, Jurij Sergeevic},
	Title = {Rol' tak nazyvaemoj perfektivacii i imperfektivacii v processe vozniknovenija slavjanskogo vida [{T}he role of so-called perfectivization and imperfectivization in the process of emergence of the {S}lavic aspect]},
	Year = {1958}}

@book{Maslov:04,
	Address = {Moscow},
	Author = {Maslov, Jurij Sergeevi\v{c}},
	Date-Added = {2020-05-25 13:53:08 +0200},
	Date-Modified = {2020-05-25 13:53:08 +0200},
	Publisher = {Jazyki slavjanskoj kultury},
	Sortname = {Maslov, Jurij Sergeevic},
	Title = {Izbrannye trudy: {A}spektologija. {{O}}b\v{s}\v{c}ee jazykoznanie},
	Year = {2004}}

@book{MAS,
	Address = {Moscow},
	Booktitle = {Malyj {A}kademi\v{c}eskij {S}lovar' [{Small} academic Dictionary]},
	Date-Added = {2020-05-25 13:53:08 +0200},
	Date-Modified = {2020-05-25 13:53:08 +0200},
	Editor = {Evgen'eva, A. P.},
	Publisher = {Russkij jazyk},
	Sortname = {Evgen'eva, A. P.},
	Title = {Malyj {A}kademi\v{c}eskij {S}lovar' [{S}mall Academic Dictionary]},
	Year = {1999}}

@book{Lopatin:97,
	Address = {\biberror{no address}},
	Author = {V. V. Lopatin},
	Date-Added = {2020-05-25 13:53:08 +0200},
	Date-Modified = {2020-05-25 13:53:08 +0200},
	Publisher = {Moskva},
	Title = {Russkaja slovoobrazovatel'naja morfemika [{R}ussian derivational morphology]},
	Year = {1997}}

@book{Krongauz:98,
	Address = {\biberror{no address}},
	Author = {Krongauz, M. A.},
	Date-Added = {2020-05-25 13:53:08 +0200},
	Date-Modified = {2020-05-25 13:53:08 +0200},
	Publisher = {Moscow},
	Title = {Pristavki i glagoly v russkom yazyke: {S}emanticheskaya grammatika [{P}refixes and verbs in {R}ussian language: {A} semantics grammar]},
	Year = {1998}}

@book{Krifka:86,
	Address = {Germany},
	Author = {Krifka, M.},
	Date-Added = {2020-05-25 13:53:08 +0200},
	Date-Modified = {2020-05-25 13:53:08 +0200},
	Publisher = {Wilhelm Fink Verlag Munchen},
	School = {The University of Munich},
	Title = {Nominalreferenz und Zeitkonstitution. {{Z}}ur {Semantik} von Massentermen, Individualtermen, Aspektklassen.},
	Year = {1989}}

@book{Kennedy:99,
	Address = {New York},
	Author = {Kennedy , C.},
	Date-Added = {2020-05-25 13:53:08 +0200},
	Date-Modified = {2020-05-25 13:53:08 +0200},
	Publisher = {Garland},
	Title = {Projecting the Adjective: {T}he Syntax and Semantics of Gradability and Comparison},
	Year = {1999}}

@book{Karcevski:27,
	Address = {\biberror{no address}},
	Author = {Karcevski, Serge},
	Date-Added = {2020-05-25 13:53:08 +0200},
	Date-Modified = {2020-05-25 13:53:08 +0200},
	Publisher = {Imprimerie``Legiografie"},
	Title = {Syst{\`e}me du verbe russe},
	Year = {1927}}

@book{Kagan:book,
	Address = {Cambridge},
	Author = {Kagan, Olga},
	Date-Added = {2020-05-25 13:53:08 +0200},
	Date-Modified = {2020-05-25 13:53:08 +0200},
	Publisher = {Cambridge University Press},
	Title = {Scalarity in the Verbal Domain: {T}he Case of Verbal Prefixation in {R}ussian},
	Year = {2015}}

@book{Jespersen:24,
	Address = {London},
	Author = {Jespersen, Otto},
	Date-Added = {2020-05-25 13:53:08 +0200},
	Date-Modified = {2020-05-25 13:53:08 +0200},
	Publisher = {George Allen \& Unwin Ltd},
	Title = {Philosophy of Grammar},
	Year = {1924}}

@book{Jakobson:84,
	Address = {Berlin},
	Author = {Jakobson, Roman},
	Date-Added = {2020-05-25 13:53:08 +0200},
	Date-Modified = {2020-05-25 13:53:08 +0200},
	Publisher = {Mouton De Gruyter},
	Title = {{Russian} and {S}lavic Grammar: {{S}}tudies 1931-1981},
	Volume = {106},
	Year = {1984}}

@book{Jakobson:71,
	Address = {Berlin},
	Author = {Jakobson, Roman},
	Date-Added = {2020-05-25 13:53:08 +0200},
	Date-Modified = {2020-05-25 13:53:08 +0200},
	Publisher = {Mouton de Gruyter},
	Title = {Selected writings {II}. {W}ord and language},
	Year = {1971}}

@book{Isachenko:60,
	Address = {Moscow},
	Author = {Isa{\v{c}}enko, Alexander V},
	Date-Added = {2020-05-25 13:53:08 +0200},
	Date-Modified = {2020-05-25 15:27:04 +0200},
	Isbn = {9785944571472},
	Lccn = {04402125},
	Publisher = {Jazyki slavjanskoj kultury},
	Sortname = {Isacenko, Alexander V},
	Title = {Grammati{\v{c}}eskij stroj russkogo jazyka v sopostavlenii s slovackim [{G}rammatical structure of {R}ussian in comparison to {S}lovak]},
	Url = {http://books.google.de/books?id=jKFhAAAAMAAJ},
	Year = {1960},
	Bdsk-Url-1 = {http://books.google.de/books?id=jKFhAAAAMAAJ}}

@book{Horn:72,
	Address = {\biberror{no address}},
	Author = {Horn, Laurence Robert},
	Date-Added = {2020-05-25 13:53:08 +0200},
	Date-Modified = {2020-05-25 13:53:08 +0200},
	Note = {Ph.D. dissertation},
	Publisher = {UCLA},
	Title = {On the semantic properties of logical operators in {English}},
	Year = {1972}}

@book{Gyarmathy:15,
	Address = {Berlin},
	Author = {Gyarmathy, Zs\'{o}fia},
	Date-Added = {2020-05-25 13:53:08 +0200},
	Date-Modified = {2020-05-25 14:56:12 +0200},
	Publisher = {Logos Verlag },
	Sortname = {Gyarmathy, Zsofia},
	Title = {Achievements, durativity and scales},
	Year = {2015}}

@book{Gvozdev:73,
	Address = {Moscow},
	Author = {Gvozdev, Aleksandr Nikolajevi\v{c}},
	Date-Added = {2020-05-25 13:53:08 +0200},
	Date-Modified = {2020-05-25 13:53:08 +0200},
	Publisher = {Prosve\v{s}\v{c}enije.},
	Sortname = {Gvozdev, Aleksandr Nikolajevic},
	Title = {Sovremennyj literaturnyj russkij jazyk. \v{C}.1. {{F}}onetika i morfologija [Contemporary {Russian}. {{P}}.1. {{P}}honetics and Morphology]},
	Year = {1973}}

@book{Golovin:59,
	Address = {Moscow},
	Author = {B. N. Golovin},
	Date-Added = {2020-05-25 13:53:08 +0200},
	Date-Modified = {2020-05-25 13:53:08 +0200},
	Publisher = {Slavyanskoje jazykoznanije},
	Title = {Slovoobrazovatelnaja tipologija pristavochnyh glagolov [{A} derivational topology of prefixed verbs]},
	Year = {1959}}

@book{Galton:76,
	Address = {Skopje},
	Author = {Galton, Herbert},
	Date-Added = {2020-05-25 13:53:08 +0200},
	Date-Modified = {2020-05-25 13:53:08 +0200},
	Publisher = {Macedonian Academy of Sciences and Arts},
	Title = {The main functions of the {S}lavic verbal aspect},
	Year = {1976}}

@book{Frank:02,
	Address = {Cambridge, MA},
	Author = {Frank, Robert},
	Date-Added = {2020-05-25 13:53:08 +0200},
	Date-Modified = {2020-05-25 13:53:08 +0200},
	Publisher = {MIT Press},
	Title = {Phrase structure composition and syntactic dependencies},
	Year = {2002}}

@book{Forsyth:70,
	Address = {Cambridge},
	Author = {Forsyth, James},
	Date-Added = {2020-05-25 13:53:08 +0200},
	Date-Modified = {2020-05-25 13:53:08 +0200},
	Publisher = {Cambridge University Press},
	Title = {A Grammar of Aspect: {{{U}}}sage and Meaning in the {Russian} Verb.},
	Year = {1970}}

@book{Filip:99,
	Address = {New York},
	Author = {Filip, Hana},
	Date-Added = {2020-05-25 13:53:08 +0200},
	Date-Modified = {2020-05-25 14:56:50 +0200},
	Publisher = {Taylor \& Francis},
	Title = {Aspect, eventuality types and nominal reference},
	Year = {1999}}

@book{Efremova:00,
	Address = {Moscow},
	Author = {Efremova, T. F.},
	Date-Added = {2020-05-25 13:53:08 +0200},
	Date-Modified = {2020-05-25 13:53:08 +0200},
	Publisher = {Russkij jazyk},
	Title = {Novyj slovarʹ russkogo jazyka. {T}olkovo-slovoobrazovatel'nyj [{N}ew dictionary of {R}ussian: {{E}}xplanatory and interpretational]},
	Year = {2000}}

@book{Dict:57,
	Address = {\biberror{no address}},
	Booktitle = {Slovar' russkogo jazyka. [{Dictionary of {Russian} language}]},
	Date-Added = {2020-05-25 13:53:08 +0200},
	Date-Modified = {2020-05-25 13:53:08 +0200},
	Editor = {Evgen'eva, A. P.},
	Keywords = {Russian Dictionary},
	Publisher = {Moskva},
	Sortauthor = {Evgeneva},
	Sortname = {Evgen'eva, A. P.},
	Title = {Slovar' russkogo jazyka. [{Dictionary of {Russian} language}]},
	Year = {1957--1961}}

@book{Dict:50,
	Address = {Moscow},
	Booktitle = {Slovar' sovremennogo russkogo literaturnogo jazyka. [{Dictionary} of contemporary {Russian} literary language]},
	Date-Added = {2020-05-25 13:53:08 +0200},
	Date-Modified = {2020-05-25 13:53:08 +0200},
	Editor = {V. I. \v{C}erny\v{s}\"{e}v},
	Keywords = {Dictionary},
	Publisher = {Izdatel'stvo Akademii Nauk SSSR},
	Sortname = {V. I. Cernysev},
	Title = {Slovar' sovremennogo russkogo literaturnogo jazyka. [{Dictionary} of contemporary {Russian} literary language]},
	Year = {1950-1965}}

@book{Comrie:76,
	Address = {Cambridge},
	Author = {Comrie, Bernard},
	Date-Added = {2020-05-25 13:53:08 +0200},
	Date-Modified = {2020-05-25 13:53:08 +0200},
	Publisher = {Cambridge University Press},
	Title = {Aspect},
	Year = {1976}}

@book{ChierchiaMcConnell-Ginet:90,
	Address = {\biberror{no address}},
	Author = {Gennaro Chierchia and Sally McConnell-Ginet},
	Date-Added = {2020-05-25 13:53:08 +0200},
	Date-Modified = {2020-05-25 13:53:08 +0200},
	Publisher = {MIT Press},
	Title = {Meaning and Grammar: {{A}}n Introduction to Semantics},
	Year = 1990}

@book{Borer:05,
	Address = {Oxford},
	Author = {Borer, Hagit},
	Date-Added = {2020-05-25 13:53:08 +0200},
	Date-Modified = {2020-05-25 13:53:08 +0200},
	Publisher = {Oxford University Press},
	Title = {Structuring sense {II}: {The} normal course of events},
	Year = {2005}}

@book{Bondarko:71,
	Address = {Moscow},
	Author = {Bondarko, Aleksandr},
	Date-Added = {2020-05-25 13:53:08 +0200},
	Date-Modified = {2020-05-25 13:53:08 +0200},
	Publisher = {Prosve\v{s}\v{c}enije},
	Title = {Vid i vremja russkogo glagola [{T}he aspect and tense of the {R}ussian verb]},
	Year = {1971}}

@book{Boguslawski:63,
	Address = {\biberror{no address}},
	Author = {Bogus{\l}awski, Andrzej},
	Date-Added = {2020-05-25 13:53:08 +0200},
	Date-Modified = {2020-05-25 13:53:08 +0200},
	Publisher = {Warszawa, Krak\'{o}w},
	Sortname = {Bogus{\l}awski, Andrzej},
	Title = {Prefiksacja czasownika we wsp{\'o}{\l}czesnym jez̨yku rosyjskim},
	Year = {1963}}

@book{Binnick:91,
	Address = {New York},
	Author = {Binnick, R. I.},
	Date-Added = {2020-05-25 13:53:08 +0200},
	Date-Modified = {2020-05-25 13:53:08 +0200},
	Publisher = {Oxford University Press},
	Title = {Time and the verb: {A} guide to tense and aspect},
	Year = {1991}}

@book{Benz:11,
	Address = {Amsterdam},
	Author = {Benz, Anton and Mattausch, Jason},
	Date-Added = {2020-05-25 13:53:08 +0200},
	Date-Modified = {2020-05-25 13:53:08 +0200},
	Publisher = {John Benjamins Publishing},
	Title = {Bidirectional optimality theory},
	Volume = {180},
	Year = {2011}}

@book{Beaver:01,
	Address = {\biberror{no address}},
	Author = {Beaver, David I},
	Date-Added = {2020-05-25 13:53:08 +0200},
	Date-Modified = {2020-05-25 13:53:08 +0200},
	Publisher = {CSLI publications Stanford},
	Title = {Presupposition and assertion in dynamic semantics},
	Volume = {29},
	Year = {2001}}

@book{Avilova:76,
	Address = {Moscow},
	Author = {Avilova, Natal'ja S},
	Date-Added = {2020-05-25 13:53:08 +0200},
	Date-Modified = {2020-05-25 13:53:08 +0200},
	Publisher = {Akademija nauk SSSR},
	Sortname = {Avilova, Natal'ja S},
	Title = {Vid glagola i semantika glagol'nogo slova [{V}erbal aspect and the semantics of the verb]},
	Year = {1976}}

@book{Abeille:02,
	Address = {Paris},
	Author = {Anne Abeill\'e},
	Date-Added = {2020-05-25 13:53:08 +0200},
	Date-Modified = {2020-05-25 13:53:08 +0200},
	Publisher = {CNRS Editions},
	Sortname = {Anne Abeille},
	Title = {Une Grammaire \'electronique du fran\c{c}ais},
	Year = {2002}}

@article{vanRooy:04,
	Author = {Van Rooy, Robert},
	Date-Added = {2020-05-25 13:53:08 +0200},
	Date-Modified = {2020-05-25 13:53:08 +0200},
	Journal = {Linguistics and philosophy},
	Number = {4},
	Pages = {493--527},
	Publisher = {Springer},
	Title = {Signalling games select {H}orn strategies},
	Volume = {27},
	Year = {2004}}

@article{Zucchi:99,
	Author = {Zucchi, Sandro},
	Date-Added = {2020-05-25 13:53:08 +0200},
	Date-Modified = {2020-05-25 13:53:08 +0200},
	Journal = {Natural language semantics},
	Number = {2},
	Pages = {179--215},
	Publisher = {Springer},
	Title = {Incomplete events, intensionality and imperfective aspect},
	Volume = {7},
	Year = {1999}}

@article{ZinovaFilip:14,
	Author = {Yulia Zinova and Hana Filip},
	Date-Added = {2020-05-25 13:53:08 +0200},
	Date-Modified = {2020-05-25 13:53:08 +0200},
	Journal = {Formal Approaches to Slavic Linguistics (FASL) 23, 02-04 May 2014.},
	Note = {UC Berkeley, California, US},
	Pages = {\biberror{no pages}},
	Publisher = {UC Berkeley, California, US},
	Title = {Scalar Implicatures of {R}ussian Verbs},
	Volume = {\biberror{no volume}},
	Year = {2014}}

@article{Zaliznjak:95,
	Author = {Zaliznjak, A. A.},
	Date-Added = {2020-05-25 13:53:08 +0200},
	Date-Modified = {2020-05-25 13:53:08 +0200},
	Journal = {Russian Linguistics},
	Pages = {143--185},
	Title = {Opyt modelirovanija semanitiki pristavochnyx glagolov v russkom jazyke [{{E}}xperience of modelling the semantics of prefixed verbs in {R}ussian]},
	Volume = {19},
	Year = {1995}}

@article{Wierzbicka:67,
	Author = {Wierzbicka, Anna},
	Date-Added = {2020-05-25 13:53:08 +0200},
	Date-Modified = {2020-05-25 13:53:08 +0200},
	Journal = {To Honor Roman Jakobson},
	Pages = {2231--2249},
	Title = {On the semantics of the verbal aspect in {Polish}},
	Volume = {3},
	Year = {1967}}

@article{Txurruka:03,
	Author = {Txurruka, Isabel G{\'o}mez},
	Date-Added = {2020-05-25 13:53:08 +0200},
	Date-Modified = {2020-05-25 13:53:08 +0200},
	Journal = {Linguistics and Philosophy},
	Number = {3},
	Pages = {255--285},
	Publisher = {Springer},
	Sortname = {Txurruka, Isabel G{o}mez},
	Title = {The natural language conjunction and},
	Volume = {26},
	Year = {2003}}

@article{Titelbaum:90,
	Author = {Olga A. Titelbaum},
	Date-Added = {2020-05-25 13:53:08 +0200},
	Date-Modified = {2020-05-25 13:53:08 +0200},
	Journal = {Russian Linguistics},
	Pages = {37--46},
	Publisher = {Springer},
	Title = {Prefixed {{Russian}} verbs of transportation},
	Volume = {14},
	Year = {1990}}

@article{Tatevosov:13,
	Author = {Sergei Tatevosov},
	Date-Added = {2020-05-25 13:53:08 +0200},
	Date-Modified = {2020-05-25 13:53:08 +0200},
	Journal = {Voprosy jazykoznanija},
	Pages = {42--89},
	Publisher = {Nauka},
	Title = {Mno\v{z}estvennaja prefiksacija i e\"e sledstvija ({Z}ametki o fiziologii russkogo glagola) [{M}ultiple prefixation and its consequences ({N}otes on the physiology of {R}ussian verb)]},
	Volume = {3},
	Year = {2013}}

@article{Tatevosov:11,
	Author = {Tatevosov, Sergei},
	Date-Added = {2020-05-25 13:53:08 +0200},
	Date-Modified = {2020-05-25 13:53:08 +0200},
	Journal = {Scando-Slavica},
	Pages = {216--244},
	Title = {Severing Perfectivity from the Verb},
	Volume = {57},
	Year = {2011}}

@article{Svenonius:04b,
	Author = {Svenonius, Peter},
	Date-Added = {2020-05-25 13:53:08 +0200},
	Date-Modified = {2020-05-25 13:53:08 +0200},
	Journal = {Nordlyd},
	Number = {2},
	Pages = {205--253},
	Publisher = {University of Troms{\o}},
	Title = {{Slavic} prefixes inside and outside {{VP}}},
	Volume = {32},
	Year = {2004}}

@article{Svenonius:04a,
	Author = {Svenonius, Peter},
	Date-Added = {2020-05-25 13:53:08 +0200},
	Date-Modified = {2020-05-25 13:53:08 +0200},
	Journal = {Nordlyd},
	Number = {2},
	Pages = {177--204},
	Publisher = {University of Troms{\o}},
	Title = {{Slavic} prefixes and morphology. {A}n Introduction to the {N}ordlyd volume},
	Volume = {32},
	Year = {2004}}

@article{Stalnaker:73,
	Author = {Stalnaker, Robert},
	Date-Added = {2020-05-25 13:53:08 +0200},
	Date-Modified = {2020-05-25 13:53:08 +0200},
	Journal = {Journal of Philosophical Logic},
	Number = {4},
	Pages = {447--457},
	Publisher = {Springer},
	Title = {Presuppositions},
	Volume = {2},
	Year = {1973}}

@article{Shanon:76,
	Author = {Shannon, Benny},
	Date-Added = {2020-05-25 13:53:08 +0200},
	Date-Modified = {2020-05-25 13:53:08 +0200},
	Journal = {Foundations of Language},
	Pages = {247--249},
	Publisher = {JSTOR},
	Title = {On the two kinds of presuppositions in natural language},
	Volume = {14},
	Year = {1976}}

@article{Schlenker:08,
	Author = {Schlenker, Philippe},
	Date-Added = {2020-05-25 13:53:08 +0200},
	Date-Modified = {2020-05-25 13:53:08 +0200},
	Journal = {Theoretical Linguistics},
	Number = {3},
	Pages = {157--212},
	Title = {{Be} articulate: {{A}} pragmatic theory of presupposition projection},
	Volume = {34},
	Year = {2008}}

@article{RotsteinWinter:04,
	Author = {C. Rotstein and Y. Winter},
	Date-Added = {2020-05-25 13:53:08 +0200},
	Date-Modified = {2020-05-25 13:53:08 +0200},
	Journal = {Natural Language Semantics},
	Pages = {259 -- 288},
	Title = {Total adjectives vs. {{P}}artial adjectives: {S}cale structure and higher-order modifiers},
	Volume = {12},
	Year = {2004}}

@article{Romanova:04,
	Author = {Romanova, Eugenia},
	Date-Added = {2020-05-25 13:53:08 +0200},
	Date-Modified = {2020-05-25 13:53:08 +0200},
	Journal = {Nordlyd},
	Number = {2},
	Pages = {\biberror{no pages}},
	Title = {Superlexical versus lexical prefixes},
	Volume = {32},
	Year = {2004}}

@article{Rassudova:75,
	Author = {Rassudova, Olga P},
	Date-Added = {2020-05-25 13:53:08 +0200},
	Date-Modified = {2020-05-25 14:58:22 +0200},
	Journal = {Slavic and East European Journal},
	Number = {2},
	Pages = {139--144},
	Publisher = {JSTOR},
	Title = {Aspectual meaning and aspectual context in the teaching of {R}ussian verbal aspect},
	Volume = {19},
	Year = {1975}}

@article{Ramchand:04,
	Author = {Gillian Ramchand},
	Booktitle = {{T}ime and the event: {T}he semantics of {R}ussian prefixes},
	Date-Added = {2020-05-25 13:53:08 +0200},
	Date-Modified = {2020-05-25 13:53:08 +0200},
	Editor = {Peter Svenonius},
	Journal = {Nordlyd},
	Number = {2},
	Pages = {\biberror{no pages}},
	Title = {{T}ime and the event: {T}he semantics of {R}ussian prefixes},
	Volume = {32},
	Year = {2004}}

@article{Plungyan:01,
	Author = {Plungyan, V. A.},
	Date-Added = {2020-05-25 13:53:08 +0200},
	Date-Modified = {2020-05-25 13:53:08 +0200},
	Journal = {Moskovskij lingvisti\v{c}eskij \v{z}urnal},
	Number = {1},
	Pages = {95--124},
	Title = {Pristavka \textit{pod-} v russkom jazyke: {{K}} opisaniju semanti\v{c}eskoj seti [{T}he prefix {\it pod-} in {R}ussian: {{T}}o the description of the semantic network]},
	Volume = {5},
	Year = {2001}}

@article{Paillard:97,
	Address = {Moscow},
	Author = {Paillard, D.},
	Booktitle = {Formal'noje predstavlenije pristavki {\it ot-}},
	Date-Added = {2020-05-25 13:53:08 +0200},
	Date-Modified = {2020-05-25 14:25:02 +0200},
	Editor = {Krongauz, M. A. and Paillard, D.},
	Journal = {Glagol'naja prefixacija v russkom jazyke: sbornik statej},
	Pages = {87--112},
	Publisher = {Russkije slovari},
	Title = {Formal'noje predstavlenije pristavki {\it ot-}},
	Volume = 1,
	Year = {1997}}

@article{Paducheva:04,
	Author = {Padu{\v{c}}eva, Elena Viktorovna},
	Date-Added = {2020-05-25 13:53:08 +0200},
	Date-Modified = {2020-05-25 13:53:08 +0200},
	Journal = {Russkij jazyk v nau\v{c}nom osve\v{s}\v{c}enii},
	Number = {8},
	Pages = {5--16},
	Sortname = {Paduceva, Elena Viktorovna},
	Title = {O semanti\v{c}eskom invariante vidovogo zna\v{c}enija glagola v russkom jazyke [{A}bout the semantic invariant of the verbal aspect meaning in {R}ussian]},
	Volume = {2},
	Year = {2004}}

@article{Nesset:08,
	Author = {Nesset, Tore},
	Date-Added = {2020-05-25 13:53:08 +0200},
	Date-Modified = {2020-05-25 13:53:08 +0200},
	Journal = {Scando-Slavica},
	Number = {1},
	Pages = {135--158},
	Publisher = {Taylor \& Francis},
	Title = {Path and manner: {A}n image-schematic approach to {R}ussian verbs of motion},
	Volume = {54},
	Year = {2008}}

@proceedings{Mikaelian:07,
	Address = {M\"{u}nchen - Wien},
	Author = {Mikaeljan, Irina and \v{S}melev, Aleksej and Zaliznjak, Anna},
	Booktitle = {Imperfectivization in {R}ussian},
	Date-Added = {2020-05-25 13:53:08 +0200},
	Date-Modified = {2020-05-25 15:27:26 +0200},
	Editor = {Kim Gerdes, Tilmann Reuther and Leo Wanner},
	Journal = {{P}roceedings of the 3rd International {C}onference on {M}eaning-{T}ext {T}heory},
	Pages = {20--24},
	Publisher = {Gesellschaft zur {F}\"{o}rderung slawistischer {S}tudien},
	Sortname = {Mikaeljan, Irina and Smelev, Aleksej and Zaliznjak, Anna},
	Title = {Imperfectivization in {R}ussian},
	Year = {2007}}

@article{Merrill:85,
	Author = {Merrill, Peter},
	Date-Added = {2020-05-25 13:53:08 +0200},
	Date-Modified = {2020-05-25 13:53:08 +0200},
	Journal = {Issues in Russian Morphosyntax},
	Pages = {58--72},
	Publisher = {Slavica Pub},
	Title = {Universal quantification and aspect in {R}ussian},
	Volume = {\biberror{no volume}},
	Year = {1985}}

@article{Mazon:1928,
	Author = {Mazon, Andr\'{e}},
	Date-Added = {2020-05-25 13:53:08 +0200},
	Date-Modified = {2020-05-25 13:53:08 +0200},
	Journal = {Slavia},
	Pages = {819--826},
	Sortname = {Mazon, Andre},
	Title = {Quelques observations sur les ``Studie o \v{c}esk\'{e}m vidu slovesn\'{e}m'' de Fr. {{T}}r\'{a}vn\'{i}\v{c}ek},
	Volume = {7},
	Year = {1928}}

@article{Maslov:65,
	Author = {Maslov, Jurij Sergeevi\v{c}},
	Date-Added = {2020-05-25 13:53:08 +0200},
	Date-Modified = {2020-05-25 13:53:08 +0200},
	Journal = {Voprosy ob\v{s}\v{c}ego jazykoznanija},
	Pages = {53--80},
	Publisher = {LGU},
	Sortname = {Maslov, Jurij Sergeevic},
	Title = {Systema osnovnyx ponjatij i terminov slavjanskoj aspektologii [{T}he system of core notions and terminology in {S}lavic aspectology]},
	Volume = {\biberror{no volume}},
	Year = {1965}}

@article{Lichte:15,
	Author = {Lichte, Timm and Petitjean, Simon},
	Date-Added = {2020-05-25 13:53:08 +0200},
	Date-Modified = {2020-05-25 13:53:08 +0200},
	Journal = {Journal of Language Modelling},
	Number = {1},
	Pages = {185--228},
	Title = {Implementing semantic frames as typed feature structures with {XMG}},
	Volume = {3},
	Year = {2015}}

@article{Krongauz:97,
	Author = {Krongauz, M. A.},
	Date-Added = {2020-05-25 13:53:08 +0200},
	Date-Modified = {2020-05-25 13:53:08 +0200},
	Journal = {Glagol'naja prefiksacija v russkom jazykе, collection of aricles},
	Pages = {62--86},
	Publisher = {M.: Russkije slovari},
	Title = {Opyt slovarnogo opisanija pristavki \textit{ot-} [{{E}}xperience of dictionary description of the prefix {\it ot-}]},
	Volume = {\biberror{no volume}},
	Year = {1997}}

@article{Klein:80,
	Author = {Klein, E.},
	Date-Added = {2020-05-25 13:53:08 +0200},
	Date-Modified = {2020-05-25 13:53:08 +0200},
	Journal = {Linguistics and Philosophy},
	Pages = {1 -- 45},
	Title = {A semantics for positive and comparative adjectives},
	Volume = {4},
	Year = {1980}}

@article{KennedyMcNally:05,
	Author = {Kennedy, Christopher and McNally, Louise},
	Date-Added = {2020-05-25 13:53:08 +0200},
	Date-Modified = {2020-05-25 13:53:08 +0200},
	Journal = {Language},
	Pages = {345--381},
	Publisher = {JSTOR},
	Title = {Scale structure, degree modification, and the semantics of gradable predicates},
	Volume = {\biberror{no volume}},
	Year = {2005}}

@article{KennedyLevin:02,
	Author = {Kennedy, Christopher and Levin, Beth},
	Date-Added = {2020-05-25 13:53:08 +0200},
	Date-Modified = {2020-05-25 13:53:08 +0200},
	Journal = {Unpublished ms., Northwestern University and Stanford University},
	Pages = {\biberror{no pages}},
	Title = {Telicity corresponds to degree of change},
	Volume = {\biberror{no volume}},
	Year = {2002}}

@article{Kennedy:07,
	Author = {Kennedy , C.},
	Date-Added = {2020-05-25 13:53:08 +0200},
	Date-Modified = {2020-05-25 13:53:08 +0200},
	Journal = {Linguistics and Philosophy},
	Pages = {1 - 45},
	Title = {Vagueness and grammar: {{T}}he semantics of relative and absolute gradable predicates},
	Volume = {30},
	Year = {2007}}

@article{Kennedy:01,
	Author = {Kennedy , C.},
	Date-Added = {2020-05-25 13:53:08 +0200},
	Date-Modified = {2020-05-25 13:53:08 +0200},
	Journal = {Linguistics and Philosophy},
	Pages = {33 -- 70},
	Title = {Polar opposition and the ontology of `degrees'},
	Volume = {24},
	Year = {2001}}

@article{Kearns:07,
	Author = {Kearns, Kate},
	Date-Added = {2020-05-25 13:53:08 +0200},
	Date-Modified = {2020-05-25 13:53:08 +0200},
	Journal = {Lingua},
	Pages = {26--66},
	Title = {Telic senses of deadjectival verbs},
	Volume = {117},
	Year = {2007}}

@article{Karttunen:73,
	Author = {Lauri Karttunen},
	Date-Added = {2020-05-25 13:53:08 +0200},
	Date-Modified = {2020-05-25 13:53:08 +0200},
	Journal = {Linguistic Inquiry},
	Pages = {167--193},
	Title = {Presupositions of Compound Sentences},
	Volume = {4},
	Year = {1973}}

@article{KallmeyerRomero:08,
	Author = {Laura Kallmeyer and Maribel Romero},
	Date-Added = {2020-05-25 13:53:08 +0200},
	Date-Modified = {2020-05-25 13:53:08 +0200},
	Journal = {Research on Language and Computation},
	Number = {1},
	Pages = {3--52},
	Title = {Scope and Situation Binding in {L}{T}{A}{G} using Semantic Unification},
	Volume = {6},
	Year = {2008}}

@article{KallmeyerOsswald:13,
	Author = {Kallmeyer, Laura and Osswald, Rainer},
	Date-Added = {2020-05-25 13:53:08 +0200},
	Date-Modified = {2020-05-25 13:53:08 +0200},
	Journal = {Journal of Language Modelling},
	Number = {2},
	Pages = {267--330},
	Title = {Syntax-driven semantic frame composition in Lexicalized Tree Adjoining Grammars},
	Volume = {1},
	Year = {2013}}

@article{Kagan:13,
	Author = {Kagan, Olga},
	Date-Added = {2020-05-25 13:53:08 +0200},
	Date-Modified = {2020-05-25 13:53:08 +0200},
	Journal = {Natural Language \& Linguistic Theory},
	Pages = {1--34},
	Publisher = {Springer},
	Title = {Scalarity in the domain of verbal prefixes},
	Volume = {\biberror{no volume}},
	Year = {2013}}

@article{Kagan:12,
	Author = {Kagan, Olga},
	Date-Added = {2020-05-25 13:53:08 +0200},
	Date-Modified = {2020-05-25 15:17:43 +0200},
	Journal = {Oslo Studies in Language},
	Number = {1},
	Pages = {207--243},
	Title = {Degree semantics for {Russian} verbal prefixes: {{T}}he case of pod-and do},
	Volume = {4},
	Year = {2012}}

@article{Kagan:11,
	Author = {Kagan, Olga},
	Date-Added = {2020-05-25 13:53:08 +0200},
	Date-Modified = {2020-05-25 13:53:08 +0200},
	Journal = {Scando-Slavica},
	Number = {2},
	Pages = {160--176},
	Publisher = {Taylor \& Francis},
	Title = {The Scale Hypothesis and the Prefixes pere-and nedo},
	Volume = {57},
	Year = {2011}}

@article{Jaszay:99,
	Author = {J{\'a}szay, L{\'a}szl{\'o}},
	Date-Added = {2020-05-25 13:53:08 +0200},
	Date-Modified = {2020-05-25 13:53:08 +0200},
	Journal = {Studia Russica},
	Pages = {169--177},
	Sortname = {J{a}szay, L{a}szl{o}},
	Title = {Vidovye korreljaty pri dvuvidovyx glagolax [{A}spectual correlates of biaspectual verbs]},
	Volume = {17},
	Year = {1999}}

@article{JandaNesset:10,
	Author = {Janda, Laura A and Nesset, Tore},
	Date-Added = {2020-05-25 13:53:08 +0200},
	Date-Modified = {2020-05-25 13:53:08 +0200},
	Journal = {Slavic and East European Journal},
	Number = {3},
	Pages = {477--502},
	Publisher = {American Association of Teachers of Slavic and East European Languages},
	Title = {Taking apart {Russian} raz-},
	Volume = {54},
	Year = {2010}}

@article{Janda:88,
	Author = {Janda, Laura A},
	Date-Added = {2020-05-25 13:53:08 +0200},
	Date-Modified = {2020-05-25 13:53:08 +0200},
	Journal = {Topics in cognitive linguistics},
	Pages = {327--344},
	Publisher = {John Benjamins: AmsterdamPhiladelphia},
	Title = {The mapping of elements of cognitive space onto grammatical relations: {{A}}n example from {Russian} verbal prefixation},
	Volume = {50},
	Year = {1988}}

@article{Janda:85,
	Author = {Janda, Laura A},
	Date-Added = {2020-05-25 13:53:08 +0200},
	Date-Modified = {2020-05-25 13:53:08 +0200},
	Journal = {The scope of Slavic aspect},
	Pages = {26--40},
	Publisher = {by Michael Flier and Alan Timberlake. Columbus, Ohio: Slavica},
	Title = {The meaning of {Russian} verbal prefixes: {{S}}emantics and grammar},
	Volume = {\biberror{no volume}},
	Year = {1985}}

@article{Janda:07a,
	Author = {Janda, Laura A},
	Date-Added = {2020-05-25 13:53:08 +0200},
	Date-Modified = {2020-05-25 13:53:08 +0200},
	Journal = {Studies in Language},
	Number = {3},
	Pages = {607--648},
	Publisher = {John Benjamins Publishing Company},
	Title = {Aspectual clusters of {Russian} verbs},
	Volume = {31},
	Year = {2007}}

@article{Heim:83,
	Author = {Heim, Irene},
	Date-Added = {2020-05-25 13:53:08 +0200},
	Date-Modified = {2020-05-25 13:53:08 +0200},
	Journal = {Formal semantics--the essential readings},
	Pages = {249--260},
	Title = {On the projection problem for presuppositions},
	Volume = {\biberror{no volume}},
	Year = {1983}}

@article{GoodmanStuhlmuller:13,
	Author = {Goodman, Noah D. and Stuhlm{\"u}ller, Andreas},
	Date-Added = {2020-05-25 13:53:08 +0200},
	Date-Modified = {2020-05-25 13:53:08 +0200},
	Journal = {Topics in cognitive science},
	Number = {1},
	Pages = {173--184},
	Publisher = {Wiley Online Library},
	Sortname = {Goodman, Noah D. and Stuhlm{u}ller, Andreas},
	Title = {Knowledge and implicature: {{M}}odeling language understanding as social cognition},
	Volume = {5},
	Year = {2013}}

@article{GoodmanFrank:16,
	Author = {Goodman, Noah D. and Frank, Michael C.},
	Date-Added = {2020-05-25 13:53:08 +0200},
	Date-Modified = {2020-05-25 13:53:08 +0200},
	Journal = {Trends in Cognitive Sciences},
	Pages = {\biberror{no pages}},
	Publisher = {Elsevier},
	Title = {Pragmatic language interpretation as probabilistic inference},
	Volume = {\biberror{no volume}},
	Year = {2016}}

@article{Gladney:82,
	Author = {Gladney, Frank Y},
	Date-Added = {2020-05-25 13:53:08 +0200},
	Date-Modified = {2020-05-25 15:09:57 +0200},
	Journal = {Slavic and East European Journal},
	Number = {2},
	Pages = {202--215},
	Publisher = {JSTOR},
	Title = {Biaspectual verbs and the syntax of aspect in {Russian}},
	Volume = {26},
	Year = {1982}}

@article{Giorgi:01,
	Author = {Giorgi, Alessandra and Pianesi, Fabio},
	Date-Added = {2020-05-25 13:53:08 +0200},
	Date-Modified = {2020-05-25 13:53:08 +0200},
	Journal = {Semantic Interfaces [Reference, Anaphora and Aspect]},
	Pages = {211--277},
	Publisher = {Stanford, California: CSLI},
	Title = {Ways of terminating},
	Volume = {\biberror{no volume}},
	Year = {2001}}

@article{Garey:57,
	Author = {Garey, H. B.},
	Date-Added = {2020-05-25 13:53:08 +0200},
	Date-Modified = {2020-05-25 13:53:08 +0200},
	Journal = {Language},
	Pages = {91--110},
	Title = {Verbal aspects in {F}rench},
	Volume = {33},
	Year = {1957}}

@article{FrankeJager:15,
	Author = {Franke, M. and Jager, G.},
	Date-Added = {2020-05-25 13:53:08 +0200},
	Date-Modified = {2020-05-25 13:53:08 +0200},
	Journal = {Zeitschrift fur Sprachwissenschaft},
	Pages = {3--44},
	Title = {Probabilistic pragmatics, or why {B}ayes' rule is probably important for pragmatics},
	Volume = {\biberror{no volume}},
	Year = {2015}}

@article{FrankGoodman:12,
	Author = {Frank, M. C. and Goodman, N. D.},
	Date-Added = {2020-05-25 13:53:08 +0200},
	Date-Modified = {2020-05-25 13:53:08 +0200},
	Journal = {Science},
	Number = {6084},
	Pages = {\biberror{no pages}},
	Title = {Predicting pragmatic reasoning in language games},
	Volume = {336},
	Year = {2012}}

@article{Fillmore:03,
	Author = {Charles J. Fillmore and Christopher R. Johnson and Miriam R. L. Pertuck},
	Date-Added = {2020-05-25 13:53:08 +0200},
	Date-Modified = {2020-05-25 13:53:08 +0200},
	Journal = {International Journal of Lexicography},
	Number = {16},
	Pages = {235--250},
	Title = {Background to {F}rame{N}et},
	Volume = {3},
	Year = {2003}}

@article{Filip:03,
	Author = {Hana Filip},
	Date-Added = {2020-05-25 13:53:08 +0200},
	Date-Modified = {2020-05-25 13:53:08 +0200},
	Journal = {Journal of Slavic Linguistics},
	Number = {11},
	Pages = {55--101},
	Title = {Prefixes and the delimitation of events},
	Volume = {1},
	Year = {2003}}

@article{Ducrot:69,
	Author = {Ducrot, Oswald},
	Date-Added = {2020-05-25 13:53:08 +0200},
	Date-Modified = {2020-05-25 13:53:08 +0200},
	Journal = {Langue {F}ran{\c{c}}aise},
	Pages = {30--43},
	Publisher = {JSTOR},
	Title = {Pr{\'e}suppos{\'e}s et sous-entendus},
	Volume = {4},
	Year = {1969}}

@incollection{Dickey:10,
	Address = {Philadelphia, PA},
	Author = {Dickey, Stephen},
	Booktitle = {New approaches to Slavic verbs of motion},
	Date-Added = {2020-05-25 13:53:08 +0200},
	Date-Modified = {2020-05-25 15:13:16 +0200},
	Editor = {Viktoria Hasko and Renee Perelmutter},
	Pages = {67--109},
	Publisher = {John Benjamins Publishing Company},
	Series = {Studies in Language Companion Series},
	Title = {Common {S}lavic ``indeterminate'' verbs of motion were really manner-of-motion verbs},
	Volume = {115},
	Year = {2010}}

@article{Cubberly:82,
	Author = {Cubberly, Paul V.},
	Date-Added = {2020-05-25 13:53:08 +0200},
	Date-Modified = {2020-05-25 13:53:08 +0200},
	Journal = {Russian Language Journal},
	Pages = {14--30},
	Title = {On the ``empty'' prefixes in {R}ussian},
	Volume = {36},
	Year = {1982}}

@article{Crabbe:13,
	Author = {Crabb{\'e}, Beno{\^\i}t and Duchier, Denys and Gardent, Claire and Le Roux, Joseph and Parmentier, Yannick},
	Date-Added = {2020-05-25 13:53:08 +0200},
	Date-Modified = {2020-05-25 13:53:08 +0200},
	Journal = {Computational Linguistics},
	Number = {3},
	Pages = {591--629},
	Publisher = {MIT Press},
	Sortname = {Crabb{e}, Beno{\^\i}t and Duchier, Denys and Gardent, Claire and Le Roux, Joseph and Parmentier, Yannick},
	Title = {{{XMG}}: {{{E}}}{X}tensible {M}eta{G}rammar},
	Volume = {39},
	Year = {2013}}

@article{Chemla:09,
	Author = {Chemla, Emmanuel},
	Date-Added = {2020-05-25 13:53:08 +0200},
	Date-Modified = {2020-05-25 13:53:08 +0200},
	Doi = {10.1007/s11050-009-9043-9},
	Journal = {Natural Language Semantics},
	Number = {4},
	Pages = {299--340},
	Publisher = {Springer},
	Title = {Presuppositions of quantified sentences: {{E}}xperimental data},
	Volume = {17},
	Year = {2009},
	Bdsk-Url-1 = {https://doi.org/10.1007/s11050-009-9043-9}}

@article{Certkova:98,
	Author = {{\v{C}}ertkova, Marina Jur'evna and {\v{C}}ang, Pej-{\v{C}}i},
	Date-Added = {2020-05-25 13:53:08 +0200},
	Date-Modified = {2020-05-25 13:53:08 +0200},
	Journal = {Russian linguistics},
	Pages = {13--34},
	Sortname = {Certkova, Marina Jur'evna and Cang, Pej-Ci},
	Title = {{E}voljucija dvuvidovyx glagolov v sovremennom russkom jazyke. [{{E}}volution of the biaspectual verbs in contemporary {Russian}.]},
	Volume = {22},
	Year = {1998}}

@article{Blutner:00,
	Author = {Blutner, Reinhard},
	Date-Added = {2020-05-25 13:53:08 +0200},
	Date-Modified = {2020-05-25 13:53:08 +0200},
	Journal = {Journal of {S}emantics},
	Number = {3},
	Pages = {189--216},
	Publisher = {Oxford Univ Press},
	Title = {Some Aspects of Optimality in Natural Language Interpretation},
	Volume = {17},
	Year = {2000}}

@article{Bach:86,
	Author = {Bach, Emmon},
	Date-Added = {2020-05-25 13:53:08 +0200},
	Date-Modified = {2020-05-25 13:53:08 +0200},
	Journal = {Linguistics and philosophy},
	Number = {1},
	Pages = {5--16},
	Publisher = {Springer},
	Title = {The algebra of events},
	Volume = {9},
	Year = {1986}}

@article{Avilova:68,
	Author = {Avilova, Natal'ja S},
	Date-Added = {2020-05-25 13:53:08 +0200},
	Date-Modified = {2020-05-25 15:20:10 +0200},
	Journal = {Voprosy jazykoznanija},
	Pages = {66--78},
	Sortname = {Avilova, Natal'ja S},
	Title = {Dvuvidovye glagoly s zaimstvovannoj osnovoj v russkom literaturnom jazyke novogo vremeni [{B}iaspectual verbs with loaned stem in contemporary {R}ussian literary language]},
	Volume = {5},
	Year = {1968}}

@article{Asher:05,
	Author = {Asher, Nicholas and Vieu, Laure},
	Date-Added = {2020-05-25 13:53:08 +0200},
	Date-Modified = {2020-05-25 13:53:08 +0200},
	Journal = {Lingua},
	Number = {4},
	Pages = {591--610},
	Publisher = {Elsevier},
	Title = {Subordinating and coordinating discourse relations},
	Volume = {115},
	Year = {2005}}

@article{Altshuler:12,
	Author = {Altshuler, Daniel},
	Date-Added = {2020-05-25 13:53:08 +0200},
	Date-Modified = {2020-05-25 13:53:08 +0200},
	Journal = {Journal of Semantics},
	Number = {1},
	Pages = {39--108},
	Publisher = {Oxford Univ Press},
	Title = {Aspectual Meaning Meets Discourse Coherence: {A} Look at the {Russian} Imperfective},
	Volume = {29},
	Year = {2012}}
